4267 6033
628 583 484 115 Touerebert.

636 807 393 144 Chilperic.

1156 372 2249 137 Ro vaume, s’il oſtoit ou diminuoit le biẽ

1177 517 2214 166 des pauures. Mais comment il fit bru¬

1156 690 2252 144 ſler ſon fils, ſa femme, ſes enfans & ſa

1156 851 2242 157 famille! Souuenez-vous de Chilperie,

1166 1005 2229 164 Roy de Soiſſõs, qui deſroba les treſors

1159 1176 2246 164 de ſon Pere: de Sigibert qui feit guer¬

1166 1340 2246 131 re continuelle auec ſon frere, ſi ce n’eſt

1173 1498 2235 157 que quelques fois il auroit fait des tref¬

1173 1655 2235 168 ues pour le ſurprendre; Qu’il repudia

1166 1816 2239 138 ſa femme, dont il auoit eu trois enfans

1169 1974 2236 164 & la contraignit d’entrer en Religion.

1197 2116 2204 181 De Chilperic, qui pour l’amour de Fte¬

1166 2289 2239 161 degonde, tua ſa ſemme dans ſon lict.

1166 2450 2239 157 Mais auſſi receut-il ſon payement; Car

1169 2614 2239 157 la meſme Fredegonde le feit tuer par

1192 2755 2219 155 ſon ruffien. De Clotaire dont le Roy¬

1166 2936 2242 147 aume fut autant miſerable que nul au¬

1166 3096 2232 151 tre, tant pour les menees & fureurs

1166 3241 2236 170 de ces horribles tygreſſes de Fredegõ¬

1169 3408 2246 158 de & Brunehault; que pour la perte de

1173 3562 2242 158 la bataille de Soiſſons. Mais apres ſa

1192 3740 2219 136 mort par porſon (comme rarement les

1192 3876 2219 171 Roys meurent de mort ſeche & natu¬

1182 4027 2229 155 relle) de combien de guerres da France

1173 4199 2232 158 fut opprimee! Combien de milliers de

1166 4363 2232 158 François y moururent pour les con¬

1166 4521 2246 154 tentions des ireres, Roys de France?

1169 4678 2236 171 Ainli patit le peuple des folies & que¬

2195 271 124 80 10

649 2171 483 116 8. Chiëgeric.

649 2775 488 110 12. elchire.

634 3695 498 146 Adgeneram

636 3837 450 121 ce:eris ſine

634 3951 498 101 Cæde ex fan¬

644 4062 498 100 sa.ne pe.-i

636 4182 433 88 ciς cendant

643 4293 486 111 T.F.5. Inaë¬

643 4397 178 100 neci.
