4267 6033
724.0 653.0 496.0 117.0 sl.en ces mote

734.0 757.0 506.0 141.0 Ad proximũ

730.0 1099.0 490.0 110.0 Alled. apre.

740.0 1441.0 496.0 107.0 uiſe la terre

740.0 1551.0 419.0 128.0 Salique in

754.0 1675.0 285.0 124.0 capita.

1206.0 315.0 2266.0 184.0 obſeruons pluſtoſt pource regard la loy

720.0 522.0 496.0 134.0 c.8. Il. An¬

1253.0 640.0 2236.0 177.0 mer, que Philippe le Lõg, eſtant en la

727.0 844.0 505.0 144.0 Où ia loy sa

727.0 976.0 519.0 150.0 lique c.e2 de

737.0 1203.0 452.0 114.0 vne longue

730.0 1310.0 492.0 147.0 fucceßion di

1240.0 1454.0 2259.0 151.0 dans quelques vieux monuments ceſte

1236.0 1628.0 2266.0 155.0 Loy eſtrange; dont iamais auparauant

1236.0 1776.0 2263.0 157.0 on n’auoit ouy parler: la faiſant ap¬

1240.0 1933.0 2252.0 171.0 prouuer par tous les ſubiets du Royau¬

1236.0 2098.0 2263.0 171.0 me, qu’il auoit gaignez par promeſſes,

1243.0 2248.0 2259.0 175.0 par force & par menaces. En ceſte Loy,

1240.0 2409.0 2269.0 165.0 qui dit que les femmes ne ſuccedent en

1243.0 2570.0 2263.0 158.0 la terre Salique, où ſe trouuẽt les mots

1250.0 2728.0 2272.0 171.0 qui parlent du Royaume de France

1253.0 2895.0 2263.0 165.0 particulierement, & non pour toutes

1250.0 3039.0 2266.0 171.0 les races & hereditez? Et par quels

1246.0 3200.0 2280.0 155.0 mots exclud-elle les maſles deſcenduz

1253.0 3361.0 2273.0 164.0 des femelles, quand elle dit; Aucune

1250.0 3519.0 2282.0 164.0 femelle ne ſuccedera, le plus prochain

1253.0 3670.0 2263.0 167.0 maſſe ſuccedera? Neantmoins Philip¬

1267.0 3827.0 2269.0 195.0 pe le Long, & depuis Philippe de Va¬

1260.0 4001.0 2266.0 168.0 lois, en firent à croire ce qu’ils trouue¬

1256.0 4159.0 2280.0 171.0 rent à leur auantage. Voilà donc com¬

1253.0 4320.0 2296.0 161.0 ment nous auons veſcu en vn droict

1256.0 4481.0 2290.0 161.0 incertain, qui n’a eu lieu ſinon autant

1263.0 4628.0 2246.0 178.0 que la faueur, oula force luy en a dõné.

1252.0 475.0 2227.0 178.0 d’Angleterre: Mais il eſt bien à preſu¬

1260.0 814.0 2232.0 164.0 ponne grace du Peuple, & au contraire

1257.0 961.0 2218.0 168.0 la domination de l’Anglois eſtãt ſuſpe¬

1240.0 1122.0 2249.0 185.0 cte aux François, Pour donner quel¬

1259.0 1293.0 2237.0 158.0 que couleur à ſon fait, alla recercher

2322.0 241.0 101.0 70.0 10

3160.0 4776.0 382.0 191.0 Quels
