773 1216
43.0 57.0 141.0 32.0 Maviage dec’eſt

40.0 85.0 144.0 29.0 excellent Prince

43.0 110.0 140.0 33.0 François, Duc

42.0 136.0 89.0 34.0 de Guyſe.

196.0 46.0 491.0 29.0 Prinees ja veriflee, il faut maintenãt venir au ma¬

193.0 73.0 494.0 30.0 riage & alliance dudit excellent Prince François

196.0 100.0 489.0 31.0 de Guyſe, lequel d’autant qu’il prouenoit de la plus

193.0 140.0 490.0 18.0 mobletjge, progcille d ſamille de tous les cher

191.0 152.0 493.0 32.0 ſtiens, il failloit auſſi que Dieu le doüa pour fem¬

190.0 179.0 495.0 32.0 me legitime de la plus excellente, genereuſe, & ſa¬

191.0 206.0 494.0 32.0 ge Princeſſe de l’Europe pour ſon temps. Sçauoir

190.0 231.0 496.0 32.0 ceſte heroïque, pieuſe, CatholicqueMadame Anne

189.0 257.0 496.0 32.0 Deſte, ſœur de ce treſ-haut, treſ-puiſſant, & excel¬

191.0 285.0 494.0 27.0 lent Prince & Duc de Ferrare, deſcendant de la ty¬

195.0 312.0 490.0 31.0 ge, race & progenie du treſ-chreſtien Roy fainct

188.0 338.0 495.0 32.0 Louys, laquelle eſt, & ſe peut dire apres le Pa¬

188.0 364.0 495.0 31.0 triarche Iob, l’exemple, miroer, & modelle des pa¬

187.0 391.0 499.0 31.0 tiences, ayant eſgard aux triſteſſes, douleurs & an¬

195.0 415.0 495.0 35.0 goiſſes qu’elle à reteu en ſon temps, tant pour la mort

188.0 443.0 497.0 33.0 dudit Duc de Guyſe ſon premier mary: que du Duc

189.0 470.0 494.0 31.0 de Nemours ſon ſecond, que auſſi pour auoir veuë

188.0 497.0 494.0 31.0 medité, & cogneu les martyrs des deux excellens

188.0 524.0 495.0 29.0 Princes martyriſez à Bloys: comme ſera cy apres

187.0 548.0 492.0 32.0 declaré Dieu aidãt. A raiſon dequoy Dieu la doüé,

188.0 578.0 494.0 30.0 ornee & recompenſee, luy donnant les plus rares

187.0 603.0 496.0 27.0 inſignes & magnanimes enfans, Princes, & Prin¬

185.0 629.0 496.0 32.0 ceſſes, que deſpuis long temps n’eſtoit aduenu en

187.0 657.0 494.0 26.0 France: tant de ſon premier que ſecond mariage, &

186.0 682.0 496.0 28.0 auec iuſte occaſion ſelon l’ordre de nature. Il nous

186.0 709.0 496.0 27.0 faut commencer à paindre, nairer & demonſtrer

185.0 737.0 497.0 29.0 non pas toutes, mais ce qu’eſt venu en noſtre co¬

185.0 760.0 492.0 33.0 gnoiſſance de la ſaincte, pieuſe, & Catholicque,

184.0 786.0 499.0 33.0 conſcience, vie, religion & affection, de ſes tref¬

183.0 814.0 498.0 32.0 heroïques, treſ-magnanimes, & treſ-conſtans

184.0 841.0 495.0 31.0 Princes, & premier des François Duc de Guyſe,

183.0 865.0 496.0 30.0 Prince de lainuille, Pair, grand Maiſtre & Lieute¬

183.0 893.0 497.0 32.0 nant general de la France, partie des faicts heroï¬

183.0 921.0 497.0 31.0 ques d’iceluy, en paſſant nous rememorrons, com¬

187.0 945.0 494.0 32.0 me d’auoir gardé, defendu & conſerué, ceſte tant

187.0 973.0 494.0 30.0 renommee celebre &forte ville & Cité de Metz, con¬

188.0 999.0 491.0 33.0 tre le camp de l'Empereur Charle-Quincte, qu’e¬

181.0 1029.0 499.0 26.0 ſeoit de prus de cent mir hoines, auſſi faict le voya¬

184.0 1051.0 497.0 34.0 ge de Rome: & à ſon retour repris Calais, ville

54.0 387.0 119.0 32.0 Qualitez &

39.0 414.0 146.0 33.0 douleurs de Ma¬

39.0 438.0 130.0 31.0 dame de Ne¬

39.0 469.0 66.0 28.0 mours.

416.0 23.0 38.0 1.0 70

423.0 27.0 38.0 25.0 14.

34.0 945.0 140.0 30.0 Bartie des hauix

33.0 973.0 144.0 30.0 faits de c’eſt ex¬

33.0 999.0 143.0 33.0 cellent François,

34.0 1024.0 132.0 32.0 Dac de Guyſe.
