<?xml version="1.0" encoding="UTF-8"?>
<alto xmlns:xsi="http://www.w3.org/2001/XMLSchema-instance"
      xmlns="http://www.loc.gov/standards/alto/ns-v4#"
      xsi:schemaLocation="http://www.loc.gov/standards/alto/ns-v4# http://www.loc.gov/standards/alto/v4/alto-4-2.xsd">
  <Description>
    <MeasurementUnit>pixel</MeasurementUnit>
    <sourceImageInformation>
      <fileName>p_001.jpg</fileName>
    </sourceImageInformation>
  </Description>
  <Tags>
    <OtherTag ID="BT7" LABEL="CustomZone" DESCRIPTION="block type CustomZone"/><OtherTag ID="BT8" LABEL="DamageZone" DESCRIPTION="block type DamageZone"/><OtherTag ID="BT9" LABEL="DigitizationArtefactZone" DESCRIPTION="block type DigitizationArtefactZone"/><OtherTag ID="BT10" LABEL="DropCapitalZone" DESCRIPTION="block type DropCapitalZone"/><OtherTag ID="BT11" LABEL="GraphicZone" DESCRIPTION="block type GraphicZone"/><OtherTag ID="BT12" LABEL="MainZone" DESCRIPTION="block type MainZone"/><OtherTag ID="BT13" LABEL="MarginTextZone" DESCRIPTION="block type MarginTextZone"/><OtherTag ID="BT14" LABEL="MusicZone" DESCRIPTION="block type MusicZone"/><OtherTag ID="BT15" LABEL="NumberingZone" DESCRIPTION="block type NumberingZone"/><OtherTag ID="BT17" LABEL="QuireMarksZone" DESCRIPTION="block type QuireMarksZone"/><OtherTag ID="BT18" LABEL="RunningTitleZone" DESCRIPTION="block type RunningTitleZone"/><OtherTag ID="BT19" LABEL="SealZone" DESCRIPTION="block type SealZone"/><OtherTag ID="BT20" LABEL="StampZone" DESCRIPTION="block type StampZone"/><OtherTag ID="BT21" LABEL="TableZone" DESCRIPTION="block type TableZone"/><OtherTag ID="BT22" LABEL="TitlePageZone" DESCRIPTION="block type TitlePageZone"/><OtherTag ID="BT3095" LABEL="MainZone-Continued" DESCRIPTION="block type MainZone-Continued"/><OtherTag ID="BT3096" LABEL="MarginTextZone-Notes" DESCRIPTION="block type MarginTextZone-Notes"/><OtherTag ID="BT3097" LABEL="MarginTextZone-ManuscriptAddendum" DESCRIPTION="block type MarginTextZone-ManuscriptAddendum"/><OtherTag ID="BT3098" LABEL="GraphicZone-Decoration" DESCRIPTION="block type GraphicZone-Decoration"/><OtherTag ID="BT3099" LABEL="MainZone-Head" DESCRIPTION="block type MainZone-Head"/><OtherTag ID="BT3100" LABEL="MainZone-P" DESCRIPTION="block type MainZone-P"/>
    <OtherTag ID="LT7" LABEL="CustomLine" DESCRIPTION="line type CustomLine"/><OtherTag ID="LT8" LABEL="DefaultLine" DESCRIPTION="line type DefaultLine"/><OtherTag ID="LT9" LABEL="DropCapitalLine" DESCRIPTION="line type DropCapitalLine"/><OtherTag ID="LT10" LABEL="HeadingLine" DESCRIPTION="line type HeadingLine"/><OtherTag ID="LT11" LABEL="InterlinearLine" DESCRIPTION="line type InterlinearLine"/><OtherTag ID="LT12" LABEL="MusicLine" DESCRIPTION="line type MusicLine"/>
  </Tags>
  <Layout>
    <Page WIDTH="752"
          HEIGHT="1221"
          PHYSICAL_IMG_NR="0"
          ID="eSc_dummypage_">
      <PrintSpace HPOS="0"
                  VPOS="0"
                  WIDTH="752"
                  HEIGHT="1221">
        <TextBlock HPOS="54"
                   VPOS="30"
                   WIDTH="670"
                   HEIGHT="1107"
                   ID="eSc_textblock_5c2cecf5-b240-4576-8b7e-cfd7e08b1cc9"
                   TAGREFS="BT22">
          <Shape><Polygon POINTS="724 30 722 1137 228 1133 62 1132 54 39"/></Shape>
          <TextLine ID="eSc_line_7126bee3-ff35-44e9-beb4-e0f729b175ed"
                    TAGREFS="LT10"
                    BASELINE="285 55 481 55" 
                    HPOS="285"
                    VPOS="34"
                    WIDTH="196"
                    HEIGHT="30">
            <Shape><Polygon POINTS="285 55 285 59 291 63 291 63 292 63 293 63 293 63 304 59 321 63 322 63 323 64 335 64 335 63 336 63 337 63 337 63 341 59 354 63 354 63 355 63 356 63 365 59 378 63 378 63 379 63 380 63 390 59 402 63 403 63 403 63 404 63 419 59 424 63 424 63 425 63 426 63 426 63 427 63 443 59 462 63 462 63 463 63 481 59 481 55 481 41 473 41 467 35 467 34 466 34 466 34 454 34 454 34 453 34 452 34 452 35 447 39 424 34 424 34 423 34 422 34 422 35 417 40 412 35 412 35 411 35 411 35 410 35 409 35 396 40 382 35 381 35 380 35 380 35 364 40 350 35 350 35 349 35 348 35 336 40 331 35 331 35 330 35 329 35 319 35 318 35 318 35 317 35 317 35 312 40 293 35 293 35 292 35 291 35 291 35 285 39 285 55"/></Shape>
            <String CONTENT="ORIGINE,"
                    HPOS="285"
                    VPOS="34"
                    WIDTH="196"
                    HEIGHT="30"
                    WC="0.9997417256236076"></String>
          </TextLine>
          <TextLine ID="eSc_line_b49d86f0-1f54-4e74-9bfa-14f09e006fb9"
                    TAGREFS="LT10"
                    BASELINE="80 132 697 132" 
                    HPOS="80"
                    VPOS="70"
                    WIDTH="617"
                    HEIGHT="72">
            <Shape><Polygon POINTS="80 132 80 139 117 136 125 141 126 141 126 141 127 142 164 142 164 141 165 141 179 136 192 141 192 141 193 141 227 136 234 141 234 141 235 141 236 141 236 141 254 136 261 141 261 141 262 141 263 141 297 141 297 141 297 141 309 136 316 141 316 141 317 141 318 141 387 138 394 141 395 141 395 142 435 142 435 141 436 141 437 141 445 136 476 140 477 140 537 136 549 141 550 141 551 142 574 142 574 141 574 141 588 136 596 139 597 139 597 139 635 136 643 141 644 141 644 141 645 142 680 142 680 141 680 141 697 135 697 132 696 80 679 72 678 72 678 72 635 75 628 70 627 70 627 70 598 70 597 70 597 70 596 70 584 78 559 70 558 70 557 70 557 70 538 80 504 80 483 70 483 70 482 70 481 70 458 79 395 73 394 73 393 73 392 73 384 80 371 80 356 70 356 70 355 70 354 70 354 70 322 79 291 70 290 70 289 70 259 71 259 71 258 71 252 75 244 70 243 70 242 70 225 70 224 70 223 70 210 78 195 70 194 70 183 70 182 70 181 70 181 70 171 78 164 73 163 73 162 73 133 73 132 73 131 73 130 73 122 79 107 71 107 71 106 71 80 71 80 132"/></Shape>
            <String CONTENT="GENEALOGIE,"
                    HPOS="80"
                    VPOS="70"
                    WIDTH="617"
                    HEIGHT="72"
                    WC="0.9999604712833058"></String>
          </TextLine>
          <TextLine ID="eSc_line_f25ea767-8b73-43e0-9fd2-e55e46762b43"
                    TAGREFS="LT10"
                    BASELINE="80 198 707 194" 
                    HPOS="79"
                    VPOS="155"
                    WIDTH="628"
                    HEIGHT="53">
            <Shape><Polygon POINTS="80 198 80 208 108 207 109 207 109 207 118 201 137 204 137 204 138 204 139 204 145 200 181 205 182 205 183 205 195 200 232 204 232 204 233 204 234 204 240 199 245 202 246 202 247 202 285 203 285 203 286 203 287 203 292 199 310 202 310 202 330 198 342 204 343 204 344 204 344 204 361 198 369 202 370 202 371 202 371 202 382 198 397 204 397 204 398 204 399 204 419 198 428 204 429 204 430 204 430 204 431 204 451 198 462 202 462 202 463 202 483 199 524 204 525 204 544 200 568 203 568 203 569 203 578 198 597 204 598 204 599 204 599 204 600 204 611 197 628 204 629 204 629 204 630 204 646 197 657 204 658 204 659 204 659 204 660 204 675 200 688 204 688 204 689 204 690 204 707 196 707 194 705 160 669 160 661 156 661 156 660 156 659 156 659 156 644 160 626 155 625 155 625 155 624 155 623 155 614 160 591 157 590 157 589 157 589 157 584 160 576 156 575 156 574 156 547 156 546 156 545 156 537 161 421 157 420 157 420 157 419 157 412 161 396 156 395 156 395 156 394 156 384 161 376 157 376 157 375 157 357 160 342 156 342 156 341 156 340 156 329 162 321 157 321 157 320 157 305 157 304 157 304 157 303 157 295 162 277 158 276 158 276 158 275 158 263 162 249 157 249 157 248 157 247 157 247 157 238 162 230 158 230 158 229 158 194 163 170 158 169 158 168 158 153 163 146 158 145 158 145 158 88 158 88 158 87 158 86 158 79 162 80 198"/></Shape>
            <String CONTENT="ET DEMONSTRATION:"
                    HPOS="79"
                    VPOS="155"
                    WIDTH="628"
                    HEIGHT="53"
                    WC="0.9993047749294954"></String>
          </TextLine>
          <TextLine ID="eSc_line_082c0aec-d38a-486e-9d5f-f1fd2a2fbd72"
                    TAGREFS="LT10"
                    BASELINE="80 250 707 249" 
                    HPOS="79"
                    VPOS="217"
                    WIDTH="628"
                    HEIGHT="41">
            <Shape><Polygon POINTS="80 250 80 256 232 254 244 257 245 257 245 257 246 257 260 254 271 258 272 258 272 258 273 258 285 254 298 258 299 258 299 258 300 258 314 254 366 254 388 258 388 258 389 258 403 253 422 257 422 257 479 253 501 257 502 257 502 257 515 253 521 257 522 257 523 257 523 257 548 253 554 257 555 257 555 257 556 258 599 258 599 257 600 257 608 253 616 257 616 257 617 257 618 257 635 253 650 257 650 257 651 257 652 257 664 253 670 257 671 257 671 257 672 258 706 258 707 249 705 223 671 219 671 219 670 219 664 222 657 217 656 217 656 217 655 217 604 222 593 217 593 217 592 217 591 217 580 222 556 217 555 217 555 217 536 222 527 217 526 217 525 217 498 222 483 217 482 217 481 217 481 217 480 217 474 221 451 218 450 218 449 218 439 222 423 217 422 217 422 217 421 217 405 222 394 217 393 217 392 217 365 223 357 217 356 217 356 217 339 217 338 217 337 217 337 217 329 223 308 219 242 219 242 219 241 219 240 219 234 223 226 217 226 217 225 217 209 217 209 217 208 217 201 221 185 218 185 218 184 218 175 223 122 218 121 218 120 218 109 223 86 218 85 218 84 218 84 218 79 221 80 250"/></Shape>
            <String CONTENT="DE CESTE EXCELLENTE,"
                    HPOS="79"
                    VPOS="217"
                    WIDTH="628"
                    HEIGHT="41"
                    WC="0.9993607252836227"></String>
          </TextLine>
          <TextLine ID="eSc_line_1b735b91-4d1c-46ac-a2a1-dcf4caf3bc4a"
                    TAGREFS="LT10"
                    BASELINE="80 287 384 290 432 287 708 287" 
                    HPOS="80"
                    VPOS="259"
                    WIDTH="628"
                    HEIGHT="38">
            <Shape><Polygon POINTS="80 287 80 293 99 295 100 295 101 295 101 295 109 291 130 295 130 295 131 295 132 295 141 290 154 290 162 295 162 295 163 295 183 295 184 295 185 295 185 295 192 291 198 295 199 295 200 295 200 295 223 292 249 296 250 296 251 296 251 296 258 291 270 295 271 295 272 295 299 291 306 296 306 296 307 296 308 296 335 291 342 296 343 296 344 296 390 297 390 297 391 297 392 297 399 292 420 296 421 296 422 296 422 296 429 291 454 295 454 295 483 291 493 295 494 295 494 295 539 291 544 295 545 295 546 295 547 295 570 292 578 296 578 296 579 296 580 296 593 292 605 295 606 295 606 295 607 295 618 292 651 292 656 295 657 295 658 295 659 295 680 292 696 296 697 296 697 296 698 296 707 291 708 287 708 265 702 261 701 261 701 261 658 261 657 261 656 261 640 266 631 261 631 261 630 261 606 261 606 261 605 261 594 266 578 261 578 261 577 261 576 261 564 266 556 261 555 261 555 261 554 261 553 261 539 265 524 261 523 261 523 261 522 261 521 261 515 265 504 260 504 260 503 260 502 260 487 265 479 260 478 260 477 260 477 260 476 260 466 263 460 260 460 260 459 260 458 260 458 260 445 265 409 261 408 261 407 261 399 265 388 260 388 260 387 260 359 265 344 260 344 260 343 260 342 260 342 260 335 265 302 261 301 261 300 261 288 265 280 259 279 259 278 259 278 259 277 259 264 265 249 265 240 259 240 259 239 259 238 259 238 259 223 265 209 260 208 260 207 260 207 260 194 264 185 261 185 261 184 261 80 263 80 287"/></Shape>
            <String CONTENT="ET HEROYQVE MAISON DE"
                    HPOS="80"
                    VPOS="259"
                    WIDTH="628"
                    HEIGHT="38"
                    WC="0.998144527276357"></String>
          </TextLine>
          <TextLine ID="eSc_line_5dabe258-e636-4028-b6fe-4861f36a52e5"
                    TAGREFS="LT10"
                    BASELINE="80 321 707 318" 
                    HPOS="79"
                    VPOS="298"
                    WIDTH="628"
                    HEIGHT="31">
            <Shape><Polygon POINTS="80 321 80 326 185 329 185 329 186 329 201 326 227 329 228 329 228 329 239 325 251 328 252 328 253 328 274 325 351 328 352 328 352 328 359 325 498 328 498 328 515 324 530 328 530 328 531 328 532 328 539 324 549 328 549 328 550 328 576 324 585 327 586 327 587 327 587 327 602 324 606 327 607 327 608 327 608 327 649 324 694 327 694 327 695 327 707 323 707 318 706 303 686 299 686 299 685 299 674 303 561 303 553 298 552 298 551 298 551 298 550 298 539 304 509 304 498 298 497 298 496 298 496 298 482 303 466 300 465 300 464 300 458 303 418 300 417 300 416 300 407 303 402 300 401 300 401 300 338 299 337 299 337 299 336 299 328 304 309 300 308 300 308 300 307 300 302 304 295 300 295 300 294 300 293 300 259 304 247 300 246 300 245 300 170 305 158 300 157 300 156 300 109 303 103 299 102 299 101 299 101 299 79 299 80 321"/></Shape>
            <String CONTENT="LORRAINE, ET GVYSE EN DEPENDEN¬"
                    HPOS="79"
                    VPOS="298"
                    WIDTH="628"
                    HEIGHT="31"
                    WC="0.9997164857002997"></String>
          </TextLine>
          <TextLine ID="eSc_line_fcfeb88b-6254-43a4-ae17-d62b4ff01ea8"
                    TAGREFS="LT10"
                    BASELINE="82 354 708 352" 
                    HPOS="81"
                    VPOS="328"
                    WIDTH="627"
                    HEIGHT="36">
            <Shape><Polygon POINTS="82 354 82 360 118 364 118 364 119 364 120 364 128 360 171 360 208 364 209 364 209 364 219 360 261 360 283 364 284 364 285 364 297 359 377 359 416 364 416 364 513 359 555 363 556 363 557 363 557 363 564 358 590 358 631 363 632 363 633 363 643 358 699 362 700 362 701 362 708 358 708 352 707 337 634 328 633 328 633 328 632 328 620 336 594 336 571 328 570 328 570 328 569 328 568 328 557 336 532 333 531 333 417 337 354 329 353 329 352 329 335 336 308 337 266 335 255 330 254 330 253 330 228 333 204 330 204 330 203 330 190 337 154 334 153 334 109 337 88 333 87 333 86 333 86 333 81 336 82 354"/></Shape>
            <String CONTENT="te, auec pluſieurs excellens, genereux, &amp; treſ-haut"
                    HPOS="81"
                    VPOS="328"
                    WIDTH="627"
                    HEIGHT="36"
                    WC="0.9956624285847533"></String>
          </TextLine>
          <TextLine ID="eSc_line_464acc42-2b85-4732-8f70-3140b6af6c79"
                    TAGREFS="LT10"
                    BASELINE="79 388 707 386" 
                    HPOS="78"
                    VPOS="360"
                    WIDTH="629"
                    HEIGHT="34">
            <Shape><Polygon POINTS="79 388 79 394 706 392 707 386 705 366 692 366 682 360 681 360 680 360 655 360 654 360 654 360 653 360 643 366 627 360 626 360 625 360 625 360 624 360 612 367 580 367 569 360 568 360 568 360 567 360 566 360 552 367 516 367 505 360 504 360 504 360 503 360 502 360 489 367 472 367 461 360 460 360 460 360 459 360 458 360 458 360 447 367 409 367 398 360 397 360 397 360 396 360 395 360 378 365 361 360 360 360 359 360 359 360 358 360 348 367 335 360 334 360 333 360 333 360 318 367 307 360 306 360 306 360 275 360 274 360 274 360 253 368 228 368 218 361 217 361 217 361 216 361 215 361 193 368 181 368 171 360 170 360 169 360 168 360 168 360 151 368 140 368 130 361 129 361 128 361 128 361 127 361 117 364 110 360 109 360 109 360 108 360 78 362 79 388"/></Shape>
            <String CONTENT="faicts, des Ducs Charle de Lorraine à preſent chef des"
                    HPOS="78"
                    VPOS="360"
                    WIDTH="629"
                    HEIGHT="34"
                    WC="0.9879085670817982"></String>
          </TextLine>
          <TextLine ID="eSc_line_98d7283f-2869-4eec-a11b-1013b21ebb1d"
                    TAGREFS="LT10"
                    BASELINE="80 419 707 419" 
                    HPOS="80"
                    VPOS="394"
                    WIDTH="627"
                    HEIGHT="36">
            <Shape><Polygon POINTS="80 419 80 425 226 430 227 430 255 426 310 430 310 430 363 426 567 426 578 430 578 430 579 430 707 425 707 419 707 400 695 394 694 394 694 394 653 394 652 394 652 394 651 394 640 402 623 402 609 394 608 394 608 394 587 398 581 394 580 394 580 394 553 394 552 394 551 394 551 394 540 402 523 402 510 395 509 395 509 395 508 395 502 398 496 394 495 394 494 394 471 394 470 394 469 394 455 402 429 402 418 394 418 394 417 394 416 394 392 400 373 394 372 394 371 394 371 394 370 394 360 400 348 394 347 394 346 394 346 394 345 394 334 402 300 402 289 394 289 394 288 394 287 394 254 400 235 394 234 394 234 394 233 394 215 401 206 394 205 394 204 394 183 394 183 394 182 394 181 394 171 402 80 402 80 419"/></Shape>
            <String CONTENT="armees: Charle Marquis du Pont à Mouſsõ, ſon aiſné:"
                    HPOS="80"
                    VPOS="394"
                    WIDTH="627"
                    HEIGHT="36"
                    WC="0.9821938607427809"></String>
          </TextLine>
          <TextLine ID="eSc_line_33669f8e-2870-4262-bb93-c4a35935c409"
                    TAGREFS="LT10"
                    BASELINE="80 454 709 452" 
                    HPOS="80"
                    VPOS="427"
                    WIDTH="629"
                    HEIGHT="36">
            <Shape><Polygon POINTS="80 454 81 463 95 459 125 463 126 463 176 459 306 462 306 462 307 462 317 459 478 462 479 462 598 458 696 461 697 461 697 461 709 457 709 452 709 434 692 427 692 427 691 427 690 427 672 434 631 434 620 427 619 427 618 427 618 427 592 432 582 427 581 427 580 427 580 427 579 427 569 434 515 434 504 427 504 427 503 427 502 427 490 428 489 428 488 428 477 434 380 434 370 428 369 428 369 428 368 428 367 428 349 433 333 428 332 428 331 428 331 428 314 434 294 428 293 428 293 428 292 428 291 428 281 435 262 428 261 428 236 428 236 428 235 428 234 428 226 434 207 428 206 428 205 428 204 428 204 428 193 436 169 436 158 428 158 428 157 428 146 428 145 428 145 428 144 428 134 435 118 428 117 428 116 428 80 431 80 454"/></Shape>
            <String CONTENT="Nicolas: &amp; Claude de Lorraine; freres, &amp; Ducs de"
                    HPOS="80"
                    VPOS="427"
                    WIDTH="629"
                    HEIGHT="36"
                    WC="0.9968657878537973"></String>
          </TextLine>
          <TextLine ID="eSc_line_cd2a5ee2-55ed-4095-91e5-bad33fbe7649"
                    TAGREFS="LT10"
                    BASELINE="84 487 708 485" 
                    HPOS="84"
                    VPOS="461"
                    WIDTH="624"
                    HEIGHT="32">
            <Shape><Polygon POINTS="84 487 84 493 707 491 708 485 707 468 632 468 621 461 621 461 620 461 619 461 618 461 595 468 567 467 552 461 551 461 551 461 550 461 549 461 538 468 509 468 498 461 498 461 497 461 483 461 482 461 481 461 454 468 409 468 401 461 400 461 399 461 364 461 363 461 363 461 362 461 355 466 348 461 348 461 347 461 331 461 330 461 329 461 329 461 319 468 306 468 295 461 295 461 294 461 293 461 293 461 274 468 253 462 252 462 251 462 251 462 250 462 239 469 171 469 162 462 161 462 160 462 132 462 131 462 130 462 120 468 110 462 109 462 109 462 84 462 84 487"/></Shape>
            <String CONTENT="Vauldemont, &amp; Guyſe, &amp; leurs enfans: Auec les mar¬"
                    HPOS="84"
                    VPOS="461"
                    WIDTH="624"
                    HEIGHT="32"
                    WC="0.9915208482742309"></String>
          </TextLine>
          <TextLine ID="eSc_line_cd5aa86c-6bf1-49cf-8905-db809524060e"
                    TAGREFS="LT10"
                    BASELINE="82 520 708 520" 
                    HPOS="82"
                    VPOS="495"
                    WIDTH="626"
                    HEIGHT="36">
            <Shape><Polygon POINTS="82 520 82 528 115 531 116 531 116 531 135 526 145 529 146 529 147 529 166 527 246 531 247 531 318 526 328 531 329 531 329 531 372 531 372 531 399 526 509 529 510 529 628 526 675 531 675 531 708 526 708 520 708 501 694 495 693 495 680 495 679 495 678 495 678 495 668 501 654 501 644 495 644 495 643 495 631 495 631 495 630 495 629 495 621 501 605 495 604 495 571 495 570 495 570 495 569 495 560 501 544 495 543 495 542 495 504 501 496 495 496 495 495 495 494 495 472 499 454 495 454 495 453 495 452 495 452 495 441 501 409 501 397 495 396 495 380 495 380 495 379 495 378 495 369 501 305 501 296 495 295 495 295 495 294 495 271 499 262 495 261 495 261 495 260 495 259 495 249 501 205 501 193 495 192 495 172 495 171 495 171 495 170 495 162 500 144 495 143 495 143 495 142 495 141 495 132 501 82 501 82 520"/></Shape>
            <String CONTENT="tyrs de Henry &amp; Louys, Ducs &amp; Cardinal de Guyſe."
                    HPOS="82"
                    VPOS="495"
                    WIDTH="626"
                    HEIGHT="36"
                    WC="0.9981715629498163"></String>
          </TextLine>
          <TextLine ID="eSc_line_d54f3993-815f-4dc4-9237-af638d983832"
                    TAGREFS="LT10"
                    BASELINE="57 590 707 591" 
                    HPOS="57"
                    VPOS="566"
                    WIDTH="650"
                    HEIGHT="37">
            <Shape><Polygon POINTS="57 590 57 597 60 600 61 600 61 600 62 601 89 601 89 600 90 600 90 600 97 596 120 599 120 599 121 599 128 596 134 599 135 599 135 599 136 599 219 597 244 601 245 601 284 596 302 602 302 602 303 602 371 597 383 603 384 603 384 603 454 603 454 603 454 603 470 596 512 596 523 603 523 603 524 603 537 603 537 603 538 603 538 603 549 596 686 596 696 603 697 603 697 603 698 603 706 601 707 591 706 573 669 573 659 569 658 569 657 569 656 569 651 571 644 567 643 567 642 567 555 567 554 567 553 567 534 573 510 573 501 567 500 567 500 567 499 567 477 571 469 567 468 567 468 567 451 567 450 567 449 567 449 567 439 573 382 573 361 567 360 567 359 567 359 567 350 571 311 569 310 569 310 569 299 572 292 569 291 569 291 569 257 572 240 566 240 566 223 566 223 566 222 566 208 573 131 573 121 566 120 566 120 566 107 566 106 566 105 566 105 566 95 572 72 567 71 567 71 567 57 571 57 590"/></Shape>
            <String CONTENT="Par le commandement tyrannicque, de Henry de Valois tiers,"
                    HPOS="57"
                    VPOS="566"
                    WIDTH="650"
                    HEIGHT="37"
                    WC="0.9927428015347185"></String>
          </TextLine>
          <TextLine ID="eSc_line_16980905-2f6e-4261-b4b3-c7d154e23b5b"
                    TAGREFS="LT10"
                    BASELINE="131 623 636 622" 
                    HPOS="130"
                    VPOS="600"
                    WIDTH="506"
                    HEIGHT="39">
            <Shape><Polygon POINTS="131 623 131 630 155 632 162 638 163 638 164 638 164 638 216 630 246 630 255 638 256 638 257 638 257 639 324 639 324 638 325 638 348 630 358 635 359 635 359 635 360 635 372 631 382 635 382 635 383 635 384 635 395 630 403 634 404 634 405 634 421 630 452 638 452 638 453 638 454 638 454 638 459 634 470 636 471 636 471 636 472 636 481 630 494 630 506 638 506 638 507 638 508 638 534 638 534 638 534 638 535 638 542 631 572 630 584 638 585 638 585 638 586 638 604 638 604 638 605 638 606 638 614 630 635 629 636 622 635 600 625 600 625 600 624 600 623 600 614 607 581 602 580 602 580 602 579 602 573 607 557 603 557 603 556 603 555 603 542 607 530 607 523 600 522 600 521 600 502 600 502 600 501 600 500 600 492 606 392 605 392 605 356 609 335 609 316 601 316 601 315 601 290 606 269 601 268 601 268 601 267 601 266 601 255 608 245 601 244 601 243 601 242 601 209 606 196 601 196 601 195 601 172 605 166 601 165 601 164 601 147 601 147 601 146 601 130 608 131 623"/></Shape>
            <String CONTENT="abuſant du ſceptre, couronne &amp; dignité Royal"
                    HPOS="130"
                    VPOS="600"
                    WIDTH="506"
                    HEIGHT="39"
                    WC="0.9858904745843675"></String>
          </TextLine>
          <TextLine ID="eSc_line_d3307dd3-78be-44c8-8fa0-fbbf9b7c9872"
                    TAGREFS="LT10"
                    BASELINE="293 654 447 656" 
                    HPOS="293"
                    VPOS="633"
                    WIDTH="154"
                    HEIGHT="33">
            <Shape><Polygon POINTS="293 654 293 660 309 664 310 664 310 664 311 664 321 661 324 664 324 664 325 664 325 664 326 664 354 662 358 664 358 665 359 665 359 665 360 665 382 662 395 666 396 666 397 666 447 662 447 656 447 642 432 636 431 636 430 636 430 636 421 641 388 641 377 634 376 634 376 634 375 634 363 634 363 634 362 634 362 635 355 641 346 633 345 633 344 633 325 633 325 633 324 633 323 633 323 634 316 641 293 641 293 654"/></Shape>
            <String CONTENT="de France."
                    HPOS="293"
                    VPOS="633"
                    WIDTH="154"
                    HEIGHT="33"
                    WC="0.9983196377754211"></String>
          </TextLine>
          <TextLine ID="eSc_line_a9762c43-f416-4557-b103-4113759ec33c"
                    TAGREFS="LT10"
                    BASELINE="287 892 490 891" 
                    HPOS="287"
                    VPOS="863"
                    WIDTH="203"
                    HEIGHT="36">
            <Shape><Polygon POINTS="287 892 287 899 311 895 335 898 335 898 336 898 351 895 386 898 387 898 388 898 388 898 392 895 397 899 398 899 399 899 399 899 455 895 480 899 481 899 481 899 490 894 490 891 488 873 481 873 470 864 470 863 469 863 468 863 468 863 467 863 452 870 446 864 446 864 445 864 445 864 432 863 431 863 430 863 430 863 430 864 422 871 414 864 414 864 414 864 413 864 400 864 399 864 399 864 398 864 398 864 388 873 378 864 378 863 377 863 376 863 376 863 375 863 374 863 374 864 365 873 348 864 347 864 337 864 336 864 335 864 335 864 335 864 325 874 308 874 297 864 297 864 297 864 296 864 295 864 295 864 294 864 294 864 287 871 287 892"/></Shape>
            <String CONTENT="A PARIS,"
                    HPOS="287"
                    VPOS="863"
                    WIDTH="203"
                    HEIGHT="36"
                    WC="0.9992337599396706"></String>
          </TextLine>
          <TextLine ID="eSc_line_c67bf8b6-2e32-47d4-837a-d4782a252aec"
                    TAGREFS="LT10"
                    BASELINE="78 953 709 948" 
                    HPOS="77"
                    VPOS="923"
                    WIDTH="632"
                    HEIGHT="40">
            <Shape><Polygon POINTS="78 953 78 958 99 961 99 961 129 958 140 963 141 963 141 963 167 957 180 961 181 961 181 961 217 957 224 962 225 962 226 962 226 963 243 963 243 962 244 962 245 962 251 957 261 961 262 961 263 961 264 961 274 957 306 961 307 961 308 961 317 957 326 961 327 961 327 961 361 956 380 961 380 961 381 961 382 961 398 956 416 960 417 960 542 955 561 959 561 959 562 959 632 954 708 957 709 948 707 929 671 929 656 923 656 923 655 923 627 926 610 923 609 923 608 923 608 923 599 929 548 923 547 923 547 923 546 923 538 929 511 931 453 931 438 924 437 924 437 924 416 925 415 925 414 925 403 932 366 931 354 925 354 925 353 925 352 925 327 933 274 933 255 926 254 926 233 926 232 926 232 926 231 926 221 933 181 929 181 929 164 933 149 927 149 927 148 927 127 927 126 927 126 927 118 932 77 928 78 953"/></Shape>
            <String CONTENT="Par IEAN PERINET, demeurant à petit Pont,"
                    HPOS="77"
                    VPOS="923"
                    WIDTH="632"
                    HEIGHT="40"
                    WC="0.9987948678788685"></String>
          </TextLine>
          <TextLine ID="eSc_line_2a86c526-19b3-493d-8c08-570295d407d6"
                    TAGREFS="LT10"
                    BASELINE="163 984 604 982" 
                    HPOS="162"
                    VPOS="957"
                    WIDTH="442"
                    HEIGHT="40">
            <Shape><Polygon POINTS="163 984 163 990 272 997 272 997 273 997 296 990 333 990 352 995 352 995 353 995 354 995 367 991 441 989 449 993 450 993 451 993 478 989 519 995 519 995 520 995 533 989 547 995 548 995 549 995 568 995 568 995 568 995 569 995 575 989 604 989 604 982 602 964 465 964 456 957 456 957 455 957 446 957 445 957 445 957 444 957 437 963 428 957 427 957 426 957 416 957 416 957 415 957 414 957 414 958 407 965 393 965 386 958 386 957 385 957 384 957 384 957 383 957 368 962 364 958 363 958 363 958 337 958 336 958 335 958 335 958 335 959 328 964 319 958 318 958 318 958 309 958 308 958 308 958 307 958 307 959 299 965 280 965 276 961 276 961 275 961 274 961 274 961 273 961 259 965 253 959 253 959 252 959 251 959 251 959 225 959 224 959 223 959 215 966 207 966 199 959 199 959 198 959 198 959 197 959 178 962 167 959 166 959 166 959 165 959 164 959 164 959 164 959 162 961 163 984"/></Shape>
            <String CONTENT="à l’enſeigne de l’Eſcu de Bourgongne."
                    HPOS="162"
                    VPOS="957"
                    WIDTH="442"
                    HEIGHT="40"
                    WC="0.9787332039130362"></String>
          </TextLine>
          <TextLine ID="eSc_line_22b2eccb-8f06-498d-ad7d-2b94a6cf5cb3"
                    TAGREFS="LT10"
                    BASELINE="243 1034 523 1032" 
                    HPOS="242"
                    VPOS="1009"
                    WIDTH="281"
                    HEIGHT="34">
            <Shape><Polygon POINTS="507 1009 500 1009 494 1009 487 1009 480 1009 473 1009 466 1009 460 1009 453 1009 446 1009 439 1009 433 1009 426 1009 419 1009 412 1009 405 1009 399 1009 392 1009 385 1009 384 1009 384 1009 383 1009 376 1014 369 1009 365 1009 362 1009 352 1014 328 1014 308 1009 307 1009 306 1009 306 1009 305 1009 297 1015 280 1015 274 1009 270 1009 260 1014 247 1009 246 1009 245 1009 245 1009 244 1009 244 1010 243 1010 242 1010 243 1034 243 1039 246 1042 247 1042 247 1042 248 1043 282 1043 282 1042 283 1042 283 1042 283 1041 287 1039 333 1042 333 1042 334 1042 335 1042 335 1041 335 1041 338 1038 428 1041 429 1041 430 1041 430 1041 437 1037 441 1041 441 1041 442 1041 443 1041 467 1037 472 1041 473 1041 473 1041 474 1041 517 1041 517 1041 517 1041 518 1041 523 1037 523 1032 523 1014 513 1009 507 1009"/></Shape>
            <String CONTENT="M. D. LXXXIX."
                    HPOS="242"
                    VPOS="1009"
                    WIDTH="281"
                    HEIGHT="34"
                    WC="0.9999102033101596"></String>
          </TextLine>
          <TextLine ID="eSc_line_883f6da8-4026-4e5d-8d09-002d8ae80b8c"
                    TAGREFS="LT10"
                    BASELINE="135 1094 635 1088" 
                    HPOS="135"
                    VPOS="1064"
                    WIDTH="500"
                    HEIGHT="42">
            <Shape><Polygon POINTS="135 1094 135 1101 194 1106 194 1106 195 1106 209 1101 247 1105 248 1105 249 1105 270 1100 279 1103 280 1103 280 1103 281 1103 282 1103 288 1099 379 1104 380 1104 380 1104 381 1104 381 1103 387 1098 496 1100 497 1100 498 1100 512 1096 635 1096 635 1088 633 1069 614 1064 614 1064 613 1064 612 1064 605 1071 581 1066 580 1066 580 1066 570 1071 559 1069 559 1069 558 1069 447 1073 439 1067 439 1067 438 1067 427 1067 426 1067 426 1067 425 1067 417 1073 407 1073 385 1067 384 1067 384 1067 383 1067 369 1074 355 1074 347 1068 346 1068 346 1068 345 1068 319 1074 312 1068 311 1068 310 1068 297 1068 297 1068 296 1068 295 1068 287 1074 259 1068 259 1068 195 1076 183 1076 175 1069 174 1069 173 1069 173 1069 172 1069 160 1073 147 1069 146 1069 145 1069 145 1069 144 1069 135 1074 135 1094"/></Shape>
            <String CONTENT="Par permiſsion de Monſieur le Lieutenant Ciuil."
                    HPOS="135"
                    VPOS="1064"
                    WIDTH="500"
                    HEIGHT="42"
                    WC="0.9973045194402654"></String>
          </TextLine>
        </TextBlock>
        <TextBlock HPOS="335"
                   VPOS="3"
                   WIDTH="78"
                   HEIGHT="29"
                   ID="eSc_textblock_56e63ac5"
                   TAGREFS="BT3097">
          <Shape><Polygon POINTS="335 3 335 32 413 32 413 3"/></Shape>
          <TextLine ID="eSc_line_eSc_line_fc938b18"
                    TAGREFS="LT8"
                    BASELINE="353 26 398 27" 
                    HPOS="351"
                    VPOS="4"
                    WIDTH="46"
                    HEIGHT="27">
            <Shape><Polygon POINTS="381 5 371 4 361 4 352 4 352 25 351 31 396 28 397 26 395 5 391 5"/></Shape>
            <String CONTENT="57"
                    HPOS="351"
                    VPOS="4"
                    WIDTH="46"
                    HEIGHT="27"
                    ></String>
          </TextLine>
        </TextBlock>
        <TextBlock HPOS="303"
                   VPOS="1155"
                   WIDTH="162"
                   HEIGHT="47"
                   ID="eSc_textblock_145c036e-62a9-450a-b69e-f31768f505ae"
                   TAGREFS="BT9">
          <Shape><Polygon POINTS="465 1155 465 1202 303 1202 303 1155"/></Shape>
        </TextBlock>
        <TextBlock HPOS="334"
                   VPOS="717"
                   WIDTH="100"
                   HEIGHT="106"
                   ID="eSc_textblock_18bf3a13"
                   TAGREFS="BT11">
          <Shape><Polygon POINTS="434 717 434 823 334 823 334 717"/></Shape>
        </TextBlock>
      </PrintSpace>
    </Page>
  </Layout>
</alto>
