757 1221
85.0 40.0 502.0 33.0 ſon pere, & combien que le fils d’vn pere tant ex¬

89.0 66.0 501.0 31.0 cellent ſoit aſſez louable de ſoy, neantmoins ſes

89.0 110.0 500.0 14.0 ionaliges leubuuient cltaint aui naj de la ie

89.0 119.0 499.0 30.0 dicte excellente Princeſſe Anthoinette de Bour¬

90.0 146.0 498.0 32.0 bon, par les lieux de ſa natiuité, il eſt encores ren¬

89.0 173.0 499.0 30.0 du plus excellent, eſtant nay au Royaume de Fran¬

89.0 200.0 498.0 32.0 ce, le premier des dixſept Royaumes Chreſtiens,

89.0 227.0 496.0 32.0 ſçauoir France, Eſpaigne, Portugal, Angleterre,

90.0 253.0 497.0 31.0 Eſcoſſe, des Romains, de Boueſme, de Hongrie,

90.0 280.0 500.0 31.0 de Polongne, & D’annemarcq, de Sueue, de Nor¬

90.0 306.0 501.0 32.0 mene, de Erancouie, d’Auſtraſie, de Naples, de Ci¬

90.0 334.0 500.0 29.0 cile, & de Cypre, & la renommee grandeur &

90.0 359.0 499.0 29.0 ſplendeur dudit Royaune de France en premier

90.0 386.0 500.0 28.0 lieu-conſiſte en ceſte pieuſe obſeruance de la Reli¬

92.0 412.0 499.0 34.0 gion Catholicque Apoſtolicque & Chreſtienne, y

90.0 440.0 502.0 31.0 obſeruee gardee & reuerée depuis ſainct Denis

92.0 466.0 500.0 31.0 Areopagite Apoſtre de France, lequel eſtoit deſia

91.0 491.0 498.0 32.0 Philoſophe d’Athenes auant la paſſion de Ieſus-

90.0 519.0 499.0 31.0 Chriſt qui fut il y à quinze cens cinquante ſix ans

91.0 546.0 498.0 31.0 & ſix mois, le vingt-cinquieſme du preſent mois

91.0 572.0 498.0 32.0 de Septembre 1889. Et ledict Sainct Denis par les

93.0 600.0 498.0 30.0 predications de Sainct Paul fut conuertis, & toſt

91.0 624.0 500.0 29.0 apres il fut faict Chreſtien & haptiſé par ledict

93.0 653.0 500.0 27.0 Sainct Paul vaiſſeaux d'election, ſecondement la

91.0 678.0 501.0 28.0 France eſt louable à raiſon du grand nombre des

93.0 706.0 498.0 31.0 grandes Citez, Vniuerſitez, & Parlements, auſſi

93.0 733.0 499.0 26.0 du grand nombre des Primats, Archeueſques, &

93.0 759.0 496.0 27.0 Eueſques, Princes Princeſſes & Gouuerneurs. Ab¬

92.0 784.0 500.0 30.0 bez, Abbeſſes & Prieurs, Doyens, Archediacres &

93.0 812.0 500.0 27.0 Docteurs, Recteurs, Bacheliers & Regens, Preſi¬

94.0 837.0 500.0 31.0 dens, Magiſtrats & Conſeillers, Seneſchaux, Bail¬

90.0 864.0 506.0 31.0 lifs & Lieutenans, Gentils-hommes, Aduocats &

90.0 891.0 504.0 31.0 Marchans, Procureurs, Eſcolliers & Setgents, tier¬

93.0 918.0 499.0 30.0 cement à raiſon des fleuues, riuieres & eſtangs,

94.0 946.0 498.0 31.0 bois, grains & vins, pierres, plaſtres, & croyes,

94.0 972.0 500.0 29.0 bœuſs, vaches & moutons, chappons, poulles &

94.0 998.0 500.0 31.0 pigeons, laines, draps & toilles, dont le Royaume

93.0 1024.0 500.0 30.0 de France eſt de tous les autres le plus abondant,

96.0 1050.0 497.0 31.0 & eſtans l’origine en lieu de natiuité de noſdicts

319.0 1.0 31.0 46.0 15

327.0 25.0 18.0 21.0 13

597.0 145.0 117.0 30.0 Excellence du

599.0 172.0 100.0 30.0 Royaume de

596.0 200.0 69.0 30.0 France.

598.0 509.0 140.0 26.0 La Premiere co¬

600.0 532.0 117.0 32.0 gnoiſſance de

599.0 562.0 141.0 24.0 Dieu en Franct

607.0 588.0 103.0 30.0 556. ans ſiæ

598.0 616.0 54.0 29.0 moys.

599.0 714.0 142.0 33.0 Monarchies dis

597.0 742.0 108.0 32.0 Royaume de

599.0 770.0 69.0 33.0 France.

424.0 1080.0 54.0 31.0 B iij
