747 1195
44.0 67.0 115.0 27.0 Prerogatiues

44.0 92.0 122.0 34.0 ſignalez dela

44.0 119.0 131.0 31.0 maiſon de Lor

44.0 148.0 62.0 25.0 raine.

430.0 36.0 27.0 20.0 40

46.0 212.0 132.0 28.0 Hery de Valois

45.0 263.0 95.0 31.0 de Veniſe.

45.0 239.0 147.0 33.0 ſimpleBourgeois

46.0 355.0 143.0 30.0 maiſon de Lor¬

46.0 387.0 128.0 23.0 raine ont paix

47.0 405.0 140.0 31.0 El deliberation

45.0 433.0 126.0 27.0 aux diettes da

46.0 459.0 112.0 33.0 ſainct ſacré

47.0 489.0 79.0 30.0 Empire.

46.0 325.0 147.0 28.0 Les Princes de ſe

48.0 807.0 139.0 28.0 Zele et genero¬

46.0 830.0 138.0 33.0 ſité de ceſt excel:

46.0 859.0 124.0 25.0 lent Prince et

47.0 884.0 111.0 28.0 Cardinal de

49.0 908.0 62.0 35.0 Guiſe.

48.0 576.0 119.0 29.0 dudit Condé.

48.0 552.0 146.0 32.0 Mort miſerable

192.0 53.0 506.0 36.0 Conſeillers, meſmes en leur conſeil d’eſtat,priué,

191.0 84.0 503.0 32.0 & eſtroit, & n'y à ny Empereur ny Roy qui aye tel priui¬

191.0 108.0 502.0 32.0 lege? Car Henty de Valois dernier, reuenant de Po¬

192.0 135.0 501.0 32.0 longne & paſſant à Veniſe encore qu’il fuſt Roy

193.0 160.0 502.0 33.0 de France, ne peut d’iœux obtenir qne d’eſtre cree

193.0 187.0 500.0 33.0 ſimple bourgeois dudict Veniſe.; a raiſon eſt prõ¬

193.0 232.0 502.0 14.0 peegn aatale qu'i nonttanen de iuy suy des nans

193.0 266.0 503.0 34.0 D’illec ſe doit remarquer la grandeur, dignité &

195.0 292.0 500.0 34.0 excellẽce de ladicte maiſon de Lotraine, Les princes

195.0 346.0 499.0 32.0 mains. la bataille de Montçoutour en laquelle dix-

196.0 373.0 499.0 33.0 ſept mil huguenots furent deſpechez, & auparauãt

197.0 398.0 498.0 32.0 la iournee de Cognac, en laquelle ſe miſerable

197.0 426.0 497.0 30.0 Prince de Condé, auoit eſté tant vaillamment de¬

195.0 450.0 500.0 35.0 ſaict & occis auec ſes troupes: Le ſiege & defence

195.0 476.0 500.0 33.0 de la ville de Poictiers, la routte du Due des deux

193.0 503.0 500.0 30.0 Ponts,la routte de Thoret ſur la riuiere de Marne:

196.0 531.0 497.0 32.0 ou ſe genereux Henty Duc de Guyſe receut vn coup

196.0 580.0 497.0 36.0 repriſes des villes de Vedelay,Sanſaire, la Charité,

193.0 609.0 502.0 32.0 la Ferre, Auſſonne, Raucroy, & vne infinité d’au¬

187.0 637.0 506.0 32.0 tres en Auuergne, Prouence, d’Auphiné, Poictoux

193.0 662.0 499.0 35.0 repriſes gaignees & reduictes à la Religion Ca¬

193.0 689.0 500.0 33.0 tholicque, Reims, Troyes, Langres & Maizieres cõ¬

193.0 715.0 500.0 34.0 ſeruee des embuſches & ſurpriſes deſdicts hereticques, par

195.0 740.0 497.0 36.0 feu illuſtre Prince Loys Cardinal de Guyſe, au¬

195.0 769.0 497.0 32.0 tant vaillant & genereux que Prince de laterre, le¬

197.0 792.0 496.0 34.0 quel eſtoit la frayeur, craincte, & eſpouuentement

196.0 819.0 497.0 36.0 des ſciſmaticques, hereticques & politicques de

196.0 846.0 495.0 35.0 Champaigne & Rethelois meſmes il faiſoit re¬

191.0 871.0 501.0 38.0 douter & trembler Laſil, Cloacque; & Speloncque

193.0 898.0 498.0 35.0 d’impieté de Sedan, tellemẽt qu’il l’auoit luy meſ¬

193.0 925.0 498.0 36.0 mes ſurpris dextrement s’il fut eſté ſuiuis de ſes

193.0 952.0 499.0 35.0 ſoldats, Capitaines & gardes, comme ils auoient

194.0 979.0 497.0 34.0 promis, & quels faicts plus genereux pourroient

191.0 1005.0 499.0 34.0 iamais faire Princes plus ſalutaire memorable &

192.0 1031.0 495.0 35.0 hauts que d’auoir, conſerué, maintenu & gardé,

193.0 1052.0 496.0 41.0 l’Egliſe Catholicque, la Religion Chreſtienne en

199.0 239.0 495.0 34.0 aucun plaiſir ny ſecours, ains pluſtoſt deſplaiſit.

198.0 321.0 496.0 33.0 außi d'icellemaiſon ſont princes du ſacré Empire des Ro¬

200.0 554.0 495.0 35.0 d’arquebuzade au viſage ſur la fin de la victoire. Auſſi les

367.0 22.0 36.0 3.0 76
