1179 1835
402.0 96.0 629.0 60.0 PETRVS TVRREL¬

501.0 147.0 419.0 64.0 LVS CAMPANVS.

606.0 192.0 218.0 77.0 Lect. Sal.

613.0 290.0 460.0 60.0 Ihi acuta febre laboranti cùm

614.0 359.0 463.0 42.0 Medici studiorum seriem ad

612.0 389.0 467.0 64.0 tempus interdixissent ( lecto¬

610.0 446.0 468.0 54.0 res) inopinatè in manus inci¬

605.0 492.0 473.0 60.0 dit Massoni iudicium de Fran¬

600.0 544.0 478.0 62.0 co Gallia Othomani: quod qui¬

345.0 592.0 734.0 57.0 demimpulit & Matharelli & Othomani de

351.0 643.0 727.0 50.0 Franco-Galli a librum scrutari. scrutato verò

350.0 685.0 727.0 59.0 null am me duxi Matharello iniuriam allatu¬

352.0 732.0 725.0 65.0 rum si eum quem pro hoste semel acceperat,

353.0 783.0 729.0 63.0 stylo quadantenùs hostili persequerer. qui si

351.0 832.0 728.0 65.0 eius multum dißimilis fuerit, veniam peto.

353.0 884.0 726.0 63.0 Verum si in seribendo fuerim audacior quàm

353.0 934.0 728.0 63.0 par sit dum Achili multùm impar. Achilem

357.0 985.0 721.0 57.0 tamen aggredior: si semel is commissus error

353.0 1029.0 727.0 58.0 tempore poßit resarciri. ferunt (lectores) Atlã

353.0 1078.0 729.0 55.0 tem humeris cœlum fulcire: ferũt tempus mo

353.0 1122.0 728.0 64.0 tum esse cœli, is igitur Atlas mihi, vt assolet,

355.0 1172.0 727.0 62.0 si semper cœlum rotarit, Othomano verò ad tẽ

353.0 1223.0 730.0 63.0 pus sisterit: ætati fidẽs, vt Epaminõdam Anti

349.0 1273.0 732.0 63.0 eratides lacedemonius, àsuis proindè μακαίριως,

351.0 1323.0 729.0 56.0 nomnatus, fic hunc mihi Achilem intrepi¬

351.0 1366.0 731.0 58.0 de expectabo. quod si hic meus stylus vobis pau

348.0 1416.0 732.0 59.0 lo obscurior esse videatur, partim, si placet, bre

350.0 1462.0 730.0 62.0 mitati cui ne vobis essem fastidio studui, par¬

350.0 1512.0 731.0 61.0 tim verò subiectæ materiæ tribuite. oportuit

350.0 1563.0 731.0 63.0 enim contradicentem propositiones propositio¬

352.0 1613.0 729.0 70.0 nibus coxceruare qui quide maceruus eum splen¬

374.0 536.0 212.0 0.0 M
