1151 1842
61.0 134.0 732.0 59.0 utiliter diſputare aut in modum acrocormethi¬

58.0 181.0 734.0 54.0 cæ caniculæ, melãcholicæ lunæ, fruſtr à oblatra¬

58.0 217.0 736.0 53.0 re, ſi Igitur tractanda ſint vrilia cum primo à

59.0 264.0 725.0 52.0 lumine peccet hæc oratio, qualis ſubſequetur fi

59.0 303.0 738.0 50.0 nis? Verum illud quod vulgo dicitur incœptum

60.0 342.0 732.0 54.0 perficiendi addit animum, culpam ſcilicet om¬

61.0 385.0 735.0 47.0 nem cauſæ impellenti demandari. Prior itaquè

63.0 420.0 726.0 52.0 Othomanus (Cui multũ defero) mihi aduerſus

61.0 463.0 734.0 54.0 culpãtium tela erit clypeus: quo traiecto telum

63.0 503.0 725.0 49.0 excipiam quidem vmbone, verum fortalsis ſi¬

66.0 544.0 725.0 52.0 neictu. Sed vrget magis, magiſque ab incœ¬

65.0 585.0 729.0 52.0 pto pedem ſuadet referre: quod iniuriam vni¬

69.0 630.0 717.0 42.0 uerſis illatam mihi arrogarim: qui enim ex v¬

64.0 663.0 726.0 52.0 niuerſis offenduntur (cum ſit vulgus ſine nomi¬

63.0 704.0 723.0 47.0 ne) mai ores eſſe ſolent: ad quos ſpectat infe¬

62.0 744.0 732.0 51.0 riorum naturalis deffenſio: Vniuer ſorum igitur

63.0 783.0 729.0 54.0 qui cauſam ſibi arrogat theſeum (quod aiunt)

62.0 825.0 729.0 50.0 ſe aſſerit. Inter multos itaque cum ſim ſine no¬

63.0 863.0 732.0 52.0 mine, vniuerſorum cauſam tamen exceperim

67.0 909.0 729.0 42.0 mihi indecorum: atqui hanc cauſam vniuerſos

66.0 944.0 729.0 54.0 att ingere intelligo, quæ perſonam publicam at¬

65.0 984.0 731.0 54.0 tingat, Cuiuſque deffenſio quoſlibet, & ſingu¬

67.0 1023.0 732.0 54.0 los ſpectet: qui ſinguli, ideali abſtractione vni¬

69.0 1067.0 732.0 44.0 uerſitatem conflant, vt mathematicis eſt notũ.

74.0 1105.0 728.0 51.0 Cum igitur ad maiores ſpectet deffenſio infer¬

71.0 1146.0 731.0 49.0 riorum, eandem mihi arrogaie erit indecorum.

71.0 1181.0 731.0 55.0 Nullis præterea ſuboſcuris publicæ deffenſionis

68.0 1222.0 731.0 55.0 prouincia citra mãdatum, vniuerſitariſque Im¬

67.0 1262.0 733.0 57.0 perium demandatur quæ cũ prouidè Camillus

63.0 1304.0 734.0 51.0 inſpexiſſet ferunt (ſi parua magnis detur con¬

62.0 1344.0 739.0 53.0 ferre) nullum fas fibi gallum adoriri prius exiſti

60.0 1386.0 741.0 52.0 maſſe quàm communis vox patriæ pugnam

60.0 1421.0 742.0 54.0 annuiſſet. Recte, vt enim Catoni cenſoris fiho

61.0 1463.0 738.0 53.0 non licuit niſi ſecundo militiæ ſacramento ho¬

62.0 1503.0 735.0 53.0 ſtem priuato offẽdere ſic nec Camillo licuit pu¬

59.0 1541.0 747.0 60.0 blicum hoſtem, Italiæ finibus arcere. Licet igi¬

62.0 1582.0 740.0 55.0 tur (præter ſpem) ſubtili ſtilo Othomani regra

59.0 1619.0 733.0 60.0 ſoffragia deleuerim: me ſemper tamen culpe

60.0 1662.0 745.0 68.0 non demandatæ prouinciæ inſequitur Celar li¬

192.0 112.0 448.0 37.0 CONT. OTHO. FRAN.

763.0 82.0 26.0 71.0 2

802.0 147.0 179.0 47.0 Canis acroco

801.0 191.0 187.0 53.0 rinthicus qui

814.0 230.0 167.0 55.0 a crocorinthu

807.0 270.0 181.0 55.0 hulatu deffen

814.0 310.0 172.0 56.0 dobat quique

805.0 353.0 181.0 49.0 milités ſepius

814.0 392.0 172.0 47.0 ad arma abſ¬

815.0 432.0 165.0 53.0 que occaſione

800.0 478.0 159.0 45.0 prouocabat

805.0 511.0 147.0 55.0 Plntar. in

804.0 558.0 110.0 39.0 arat.

801.0 597.0 186.0 40.0 Doct mouer.

814.0 626.0 160.0 63.0 in l.2 de ſep

805.0 670.0 186.0 48.0 viol adduciit

803.0 708.0 187.0 57.0 que l. prin ã

802.0 752.0 189.0 53.0 cum glo ff de

808.0 788.0 181.0 56.0 poſtul. &.S.

805.0 840.0 187.0 46.0 cumque hoc

804.0 878.0 186.0 46.0 in verb. au¬

808.0 916.0 184.0 52.0 theritate in

811.0 958.0 179.0 68.0 pramio Iuſt.

814.0 1391.0 178.0 35.0 Cierne de Je¬

810.0 1413.0 115.0 57.0 nectute.

828.0 1525.0 167.0 60.0 Plu. in Cam.

602.0 1703.0 63.0 60.0 A ij

820.0 1608.0 172.0 86.0 Plu-in Caſa¬
