1143 1838
81.0 133.0 736.0 62.0 meliorem auguratus est: Constat tamen Iouis

83.0 180.0 737.0 55.0 aures ternis precibus non incaluisse. Quicquid

80.0 221.0 741.0 53.0 sit missa hæc ludicra fictione poëtica, certum est

81.0 260.0 740.0 56.0 hunc sl atum reipublicæ strictiorem (quamuis

85.0 301.0 736.0 54.0 quidem nenter sit expectandus (licentiori lon¬

91.0 359.0 731.0 38.0 ge præitantiorem elle. In libero enim seu licen¬

89.0 381.0 734.0 52.0 ti reipublicæ statu nulla voluptate maior est cu

91.0 420.0 731.0 50.0 ra:voluptas malorũ esca, vt ait Plato. Instrictio

91.0 464.0 730.0 52.0 ti vero reipublicæ statu omnes metunt: metus

98.0 503.0 726.0 53.0 vero disponit hominem ad virtutis habitũ. Eas

96.0 544.0 728.0 52.0 obres vtin senatu romano quædã erat effigies

91.0 584.0 734.0 53.0 seduli id est diligentiæ qua senatus prompte ci¬

91.0 623.0 735.0 51.0 uibus litigantibus ius reddere edoceretur (vt

88.0 662.0 740.0 55.0 author est Plutharcus) sic ferunt apud lacede¬

88.0 704.0 738.0 54.0 monios primmm ante lumen Palatij ephoro¬

91.0 744.0 736.0 54.0 rum templum fuisse timori dicatum, spartia¬

91.0 786.0 735.0 51.0 tisque nnllum ad ephoros fuisse aditum: nisi per

90.0 827.0 736.0 50.0 hoc timoris templum: quo scilicet discerent

89.0 865.0 735.0 51.0 spartiatæ timore, ephororũ sanctionibus obe¬

91.0 905.0 735.0 48.0 dire. Et quia spartam ferunt studiose sacra deo

90.0 946.0 736.0 53.0 timori pere gisse a Symonide recté vocitatum

89.0 985.0 738.0 57.0 δαμασίμοροτον Constat tamen ex priscis regnis

89.0 1031.0 736.0 54.0 Asiæ, nullum melioribus sanxitum legibus,

90.0 1072.0 739.0 52.0 quod maris imperium à victoris faucibus Ardẽ¬

91.0 1111.0 741.0 54.0 tius arripuerit, arreptúmque vi militum diu¬

90.0 1152.0 742.0 51.0 tius rerinuerit, hoc ipso spartano regno metu

88.0 1193.0 744.0 51.0 tamen regebatur. Nam Agesilaus proindè ab

85.0 1232.0 750.0 51.0 Ephoris multatus, quod amori ciuium contra

85.0 1270.0 753.0 56.0 patriæ leges plus æquo studuisset. Primos ferunt

85.0 1314.0 751.0 52.0 francorum reges otio, & voluptate subobscu¬

83.0 1351.0 756.0 54.0 ros, vix per annum se populo ostentasse. At

84.0 1390.0 752.0 54.0 hęc cõ suetudo non aliumdè (meo quidem iu¬

85.0 1433.0 755.0 51.0 dicio) manabat, quam vt metu liberali gallos

79.0 1471.0 761.0 53.0 sibi ob sequentes retinerent. Nam ferunt Peri¬

77.0 1511.0 768.0 53.0 clem proindè non leuiori ex causa vrbem Atticã

80.0 1551.0 761.0 54.0 pedibus Iustrasse ne scilicet frequentius inspe¬

77.0 1590.0 766.0 56.0 ctus à suis contemneretur. Quæ rarò enim vidẽ¬

74.0 1631.0 768.0 55.0 tur exoptentur magis: Atqui amor non in sa¬

72.0 1670.0 771.0 73.0 tietate sed in defiderio consistit vt quondam

221.0 107.0 429.0 41.0 CONT. OTHO. FRAN.

778.0 101.0 34.0 49.0 7
