1148 1834
333.0 136.0 734.0 34.0 innciari, pro tatione tamen aa ampicio-rieo

332.0 148.0 734.0 63.0 repetant oro, quod à multis annis à dialecticis

333.0 187.0 732.0 67.0 acceperunt multum scilicet inter rationem qui¬

332.0 231.0 736.0 61.0 ditatiuam differre, & inter rationem à quo, vt

334.0 268.0 736.0 64.0 vocant dialectici. Quiditatiua enim ratione, rei

332.0 312.0 737.0 60.0 natura inquiritur, & hac ratione quod in arti¬

333.0 348.0 742.0 67.0 bus credendum, in moralibus faciendum fortas

334.0 392.0 740.0 62.0 sis exprimitur. Hæc vero rationis postrema spe¬

333.0 432.0 741.0 62.0 cies à re quidem manat, solamque rei naturam

333.0 468.0 743.0 67.0 asserit à qua manat, hac igitur ratione vsus dixi

335.0 509.0 735.0 66.0 quod inter nobiles esset frequentissimum. Ergo

334.0 552.0 739.0 64.0 ad cætera, subtiliorique, si hæc non placet, ratio

335.0 591.0 735.0 65.0 ne rem ainquiramus. Omnibus notum esse puto

339.0 632.0 732.0 63.0 quod antiquitùs exul Pãthus in Cleomenis exi¬

339.0 669.0 730.0 68.0 lio, vt efœtam molitiem facilitatemque Prolo¬

341.0 708.0 730.0 68.0 mei petstringeret, frequens dictitabat. E duo¬

341.0 752.0 733.0 66.0 bus malis si miaus esset eligendum è re me¬

344.0 791.0 735.0 64.0 lius esse tyrannide, quàm licentia nimia re¬

347.0 828.0 731.0 68.0 gnum gubernari. Nec sermoni fortassis fides vl¬

347.0 872.0 737.0 66.0 la defuit quippe in tyrannide exactarum rerum

349.0 908.0 736.0 69.0 pœnam solus tyrannus à superis, & fortassis à

351.0 950.0 733.0 68.0 suis expectat, quosdam inter ea ciues bonis spo¬

350.0 991.0 738.0 66.0 liat, nonnullos interficit, cæteros tamen metu

352.0 1031.0 737.0 66.0 virtutibus inseruire adigit. At vero deteriores

354.0 1069.0 737.0 70.0 omnes yt loquitur Comicus, sumus licẽtia (quæ

354.0 1110.0 736.0 68.0 omnibus cum sit vna) omnes ad delirium adigit

357.0 1149.0 734.0 70.0 quod quidem delirium omnimodo populo dã¬

357.0 1188.0 737.0 73.0 nosum Eas ob res antiquitus homerus effintit

357.0 1228.0 731.0 70.0 ranas quid em à ioue regem obsecrasse, Iouém¬

359.0 1272.0 730.0 68.0 que eis trabem ligneam aquæ adnatantem regi¬

361.0 1310.0 730.0 67.0 loco donauisse quæ quidem & si ( mota fotte

362.0 1346.0 737.0 73.0 à saturno, lacum omnemdustrarc) ranc tamen

363.0 1391.0 733.0 72.0 tanquam gebæ affixæ semper regi ligueo in¬

364.0 1427.0 735.0 72.0 hærebant: quicquid fit noua regna querent es

366.0 1469.0 734.0 69.0 rauæ alterum regem a ioue exposcisse author

369.0 1509.0 728.0 70.0 est Homerus qui tandem illis aquilam duμobό

372.0 1549.0 729.0 82.0 2or ptorege donauit, fi quas aquila vncis

374.0 1599.0 723.0 66.0 pedibus a lacn abduxisser: vix homerus a gut¬

374.0 1637.0 734.0 86.0 turali ranarum fonitu ztrabem cis regem aquila

465.0 77.0 480.0 52.0 PET. TVRREL. CAMP.
