1169 1839
370.0 130.0 727.0 31.0 dia anciuciunt Ieptchenonen (croptatantcie¬

370.0 145.0 731.0 55.0 do) incurramus. Videamus an ſi ipſi qui electio¬

369.0 187.0 731.0 56.0 nem approbant num eandem à fece populi,

368.0 226.0 729.0 54.0 aut à ſelectis duntaxat nobilibus exhauriant,

368.0 264.0 734.0 57.0 in ſtatu enim democratico ſeu populari, à po¬

371.0 307.0 732.0 55.0 pulo elicienda eſt electio ſicuti apud Athe¬

370.0 359.0 735.0 45.0 nien ſes i riνeμoί, apud Romanos conſules, a¬

372.0 397.0 733.0 53.0 pud Cartha ginenſes duces, apud Syr acuſanos

373.0 439.0 729.0 53.0 (vt ſuprà dixi) prætores voce populari creaban¬

369.0 477.0 733.0 56.0 tur fieri etiampoteſt vt Othomanicià nobilibus

370.0 519.0 736.0 54.0 duntaxat educant regis, electionem, ferunt

371.0 560.0 731.0 49.0 enim Mathiam ( cuius effigiem crudeliſſimus

370.0 596.0 729.0 56.0 hoſtis ſuis ademit, quo Conſtantinopoli e¬

371.0 640.0 728.0 49.0 pidromo locaret, atque vt hoc ipſo moni¬

370.0 678.0 726.0 54.0 mento cladis chiſtianæ oblectaretur ) incar¬

372.0 722.0 724.0 49.0 ceratum regem à nobilibus panoniæ ſaluta¬

371.0 758.0 727.0 53.0 tum, ſic & apud Sarmatas ſola nobilium vox re¬

376.0 800.0 725.0 51.0 gem efformat, nec vox vlla popularis exauditur

375.0 840.0 725.0 52.0 vbi apud eos rex eſt inaugurãdus: fieri igitur po¬

371.0 879.0 736.0 54.0 teſt vt qui ſectantur Othomanũ à nobilibus ſo¬

372.0 921.0 734.0 51.0 lum regalem fabam ſortiantur: nec proinde ta¬

375.0 962.0 732.0 46.0 men eorum verior (cum pace dixerim) & firmior

375.0 999.0 730.0 48.0 erit ſententia ſed infirmiori pede meo iudicio

384.0 1040.0 724.0 50.0 claudicabit. Nec enim talis electio, altera erit

380.0 1081.0 727.0 52.0 regno fructuoſior quod vt omnibus inoteſcat.

381.0 1120.0 725.0 51.0 dẽtur ſi placet rationum radices longius dilata¬

381.0 1161.0 729.0 49.0 re. Certum eſt, nec quiſquam hominum cum fa¬

383.0 1199.0 725.0 53.0 tione inficiari poſſit regno exterum accire, re¬

386.0 1239.0 722.0 55.0 gno eſſe quàm maximè noxium: eo quod regis

385.0 1279.0 726.0 52.0 ad inſtar totus ſe populus efformat:exterum re¬

389.0 1321.0 722.0 53.0 gem accerſere, nihil aliud ſit quàm veteres pa¬

386.0 1360.0 727.0 53.0 triæ mores inuertere: iurãque municipalia fun¬

387.0 1398.0 726.0 53.0 ditus eradicare, quæ quàm metuenda ſiut Lace¬

386.0 1440.0 726.0 52.0 demoniorũ legiſlator Lycurgus ſatis denotauit:

390.0 1479.0 729.0 53.0 qui vix ilotas ſeruos Lacedemõe admiſerit, qui

387.0 1522.0 729.0 51.0 exteros ab Eurotæ ripa abegerat, monetamque

392.0 1555.0 721.0 61.0 incommutabilem genti vnam, cœteri narura,

398.0 1596.0 715.0 57.0 & pondere inutilem excuſſerit, ſi igitur à ciuita¬

398.0 1639.0 717.0 81.0 te bonis legibus fancita arcentur extert maiort

489.0 74.0 471.0 45.0 PET. TVRRIL. CAMP.

202.0 1473.0 173.0 17.0 dllte ya

202.0 1482.0 164.0 48.0 Lacedemon.

201.0 1523.0 174.0 44.0 Erat enim

200.0 1563.0 178.0 47.0 ferrea vt au¬

204.0 1590.0 179.0 55.0 thor eſt Plu¬

204.0 1639.0 165.0 71.0 tar.in Lycur
