1161 1829
94.0 133.0 733.0 60.0 formarat, efformatùmque idem populus ado¬

93.0 178.0 729.0 52.0 rarat? sic se eum amplius Amasim non esse.

90.0 222.0 735.0 49.0 qui militem miles intrepidè feribat, sed se mi¬

86.0 259.0 737.0 52.0 litum esse imperatorem, sibìque vt imperatori

86.0 300.0 739.0 50.0 obsequendum. sed tamen vt solus Amasis inter

83.0 339.0 739.0 55.0 AEgiptios quẽ deum fec erat non adorauit: sic

86.0 383.0 735.0 48.0 Ægiptij quem Amafim regem salutarant se¬

84.0 421.0 738.0 51.0 mel, insalutatum incedere toto reliquo suæ vi¬

84.0 459.0 738.0 53.0 tæ tempore inglorium intuebantur. Illa etiam

88.0 502.0 733.0 54.0 phalanx macedonica cognominata λεν Κάετvε

84.0 541.0 735.0 57.0 id est instructa albis clypeis quem Eumenem

86.0 582.0 734.0 55.0 linter Alexandri comites in armis vt excel¬

81.0 622.0 735.0 56.0 lentiorem pro imperatore & duce cognouerat,

82.0 663.0 734.0 56.0 quo imperãte tot hostium millia subegerat, me

80.0 704.0 733.0 56.0 do ducem duntaxat nomine, modo victum An¬

81.0 744.0 735.0 54.0 tigono crudeliter tradidit, quid extra quem le¬

85.0 785.0 730.0 55.0 giones Romanæ, modo Imperatorẽ elegerant,

82.0 825.0 732.0 55.0 electum clypeis calcabant, aut minus imperio

85.0 862.0 729.0 57.0 priuabant vt est apud Plutarchum in vita gal¬

83.0 902.0 730.0 56.0 bæ imperatoris. Quod si tantæ mutationis, tan¬

80.0 942.0 734.0 57.0 tìquè contemptus causam detur inquirere, de¬

80.0 983.0 731.0 55.0 promendam putarim ab inscitia multitudinis

77.0 1025.0 725.0 57.0 imperitæ. Et si enim certum sit eos qui eligunt,

77.0 1065.0 733.0 56.0 ante electionem quidem in re ca in qua habent

80.0 1105.0 726.0 55.0 cligere his quos eligunt maiores esse: quia ta¬

78.0 1146.0 728.0 53.0 men hoc electionis ius inter multos diffundi¬

73.0 1186.0 732.0 56.0 tut : nemo sibi priuatim potest arrogare. Ius

77.0 1225.0 724.0 53.0 præterea in electo trãsit, ignara tamen multi¬

73.0 1266.0 728.0 55.0 tudo in nouas electiones facilimè (vt nouatio¬

71.0 1307.0 730.0 53.0 num amamtissimal irrumpit. Nec hoc igna¬

70.0 1347.0 731.0 52.0 ræ plebecule, aut barbaris exercitibus familiare

69.0 1385.0 732.0 53.0 sotum, vertũtetiam & splendori lacedemonio¬

67.0 1426.0 732.0 53.0 rum lysandro: cum enim Alcibiades exul patria

69.0 1467.0 732.0 50.0 Lacedemone consedissct: vt quoslibet sui

67.0 1508.0 728.0 50.0 temporis homines coiporis elegantia, & venu¬

65.0 1547.0 730.0 51.0 state excedebat a timea agidis vxore iuuenili¬

64.0 1584.0 734.0 57.0 ter multùm fuit adamatus. quid quid sit Alcibia

64.0 1624.0 728.0 56.0 des furtò Heraclidarum polluit cubile, vt Agis

63.0 1665.0 727.0 75.0 temput à quo rem cum ea non habuisset pes¬

743.0 1701.0 46.0 43.0 4»

213.0 104.0 453.0 45.0 CONT. OTHO. FRANC.

800.0 85.0 29.0 59.0 8
