507 723
255 163 31 24 LE

78 183 370 40 TOMBEAV DE

85 218 352 31 HAVLT ET PVISSANT SEI¬

98 246 328 22 GNEVR IEAN LOIS DE LA ROCHE

103 266 314 25 Foucault, Comte de RANDAN, Baron

123 287 278 27 du Luguet &c. Cheualier de l’or¬

142 310 244 25 dre du Roy, Capitaine de cin¬

164 333 204 23 quante hommes d’armes

184 353 168 24 de ſes ordonnances,

93 373 345 30 Gouuerneur & Lieutenant general pour ſa

104 399 319 28 maieſté au hault & bas païs d’Auuergne.

102 439 333 26 Pretioſa in conſpecta Domini mors ſanctorum eius.

202 424 156 18 Par N. LE DIGNE.

255.0 44.0 16.0 0.0 5

219.0 482.0 238.0 28.0 ETTR tous tes effors, malheureuſe in¬

234.0 504.0 54.0 22.0 fluence:

219.0 522.0 239.0 25.0 Emploie, ſi tu veux, toute ta violence:

220.0 543.0 239.0 25.0 Deſcharge ta furie, & que la dure loy

220.0 564.0 239.0 28.0 Qui conduit ta malice acheue contre

233.0 587.0 38.0 21.0 moy.

84.0 603.0 286.0 26.0 Et ſ'il te reſte encor quelque pouuoir de nuire,

83.0 622.0 281.0 38.0 Empeſche maintenant le beau Soleil de luire.

97.0 571.0 115.0 39.0 M

368 645 37 37 A ij
