496 732
100.0 67.0 291.0 22.0 Acau co oue aqurdipra dauus, Liaa.

56.0 112.0 33.0 0.0 S

101.0 81.0 275.0 34.0 Fatro touba dl Plano, et ſcala à tn puute

100.0 100.0 224.0 29.0 Per cui e ſtato à l’alta gloria aſſunto,

48 120 232 27 Laue haurà à merti ſuoi degne corone,

54.0 143.0 226.0 25.0 Ir poteſſe Aleſſandro, altra cagione

41.0 163.0 245.0 23.0 Hauria ben da reſtar d’inuidia punto,

42.0 182.0 275.0 26.0 Ch'alhor non hebbe eſſendo à quella giunto,

43.0 202.0 206.0 25.0 Che le oſſa d’Achille in ſe ripone.

58.0 222.0 199.0 26.0 Jnuidiò gloria terrena & frale

43.0 242.0 261.0 25.0 Vn' ſcrittor de ſuoi fatti, e vn chiaroſtile,

43.0 263.0 237.0 25.0 La inuidiaria gli ſteſſi fatti, & l’opre,

52.0 283.0 264.0 24.0 Tanti effetti d’huom forte il luogo ſcopre,

43.0 302.0 261.0 25.0 E abbonda ſi d’arme, & di ſangue hoſtile,

44.0 322.0 259.0 27.0 Che più bel Fin' non fece altro mortale.

248.0 338.0 140.0 27.0 Il seignor Lodouia Rondinelli.

160 43 97 22 SONET.

167.0 374.0 106.0 20.0 SONNET.

98.0 389.0 289.0 23.0 E DIGNE quãd ie voy les traicts de ce Tõbeau,

101 407 287 22 & Si promptemẽt dreſſez, ſur l’autel de memoire,

104 425 284 25 Ec Ie croy que ton RANDAN n’aura pas moins

113.0 442.0 64.0 19.0 de gloire,

50.0 455.0 300.0 24.0 Qu'eut le fils de Tethis, par ſon chantre nouueau.

63.0 474.0 286.0 21.0 Tu as l’ame auſſi prompte, & le vers auſſi beau,

49.0 489.0 342.0 24.0 Pour bion chanter d’vn grand quelque grande victoire.

50.0 505.0 279.0 23.0 Ne deſdaigne donc point la louange notoite,

51.0 522.0 284.0 21.0 Que le Ciel t’ordonna dés l’heure du berceau.

65.0 538.0 304.0 21.0 Tu fais tort ce me ſemble, au Daimon qui t’inſpire

50.0 555.0 277.0 21.0 Auec tant de ſçauoir, la grace, & le bien dire.

50.0 571.0 316.0 21.0 Mais les meilleurs ouuriers ſont les plus negligens.

67.0 587.0 305.0 22.0 Que ſeruent ces faueurs dans vn coffre enfermees,

50.0 602.0 270.0 21.0 Et tes belles amours des Muſes tant aimees,

53.0 619.0 295.0 25.0 C’eſt enfermer ta gloire, & l’honneur de tes ans.

51 428 42 24 L

299.0 637.0 70.0 23.0 I.T.C.

310.0 666.0 38.0 28.0 L. iij
