525 727
72.0 68.0 280.0 25.0 Que ce n'eſt pas icy qu’il fautfaire demeure,

92.0 43.0 328.0 30.0 I'ay deſſillé mes yeux pour congnoiſtre à cetteheure,

72.0 102.0 317.0 11.0 Tafaenpiagaaarane iapla diguurtae,

72.0 109.0 296.0 25.0 Sont les premiers frappeZ du deſtin rigoureux,

73.0 128.0 317.0 27.0 Qui n’eſpargne les grands, ny les honneurs, ny l’âge.

82.0 149.0 284.0 25.0 Auſſi toſt les hault Pins ſont ſuiects à l’orage,

73.0 170.0 287.0 24.0 Que les ieunes Cypres, qui d’vn tige mouuant

74.0 191.0 260.0 23.0 Ployent deçà delà ſoubs la force du vent.

87.0 211.0 292.0 22.0 Ie me ris maintenant du Nocher, qui lamente

73.0 231.0 297.0 24.0 Dans ſon Nauire ouuert, battu de la tormente.

87.0 251.0 250.0 24.0 Ie me ris de celuy qui ſe bouche les yeux,

74.0 269.0 320.0 25.0 Pour ne voir les effects du grand fouldre des cieux,

88.0 290.0 305.0 25.0 Que le ciel, que la terre, & que tout ſe raſſemble,

75.0 311.0 321.0 24.0 Ie verray tout meſler ſans que le cœur me tremble.

75.0 330.0 253.0 25.0 Ie ſuis tout reſolu d’attendre iout effort:

83.0 350.0 341.0 25.0 . Car celuy ne craint riẽ, qui ne craint point la mort.

90.0 371.0 333.0 26.0 Puiſque mon grand RANDAN eſt parti de ce monde,

76.0 391.0 284.0 25.0 Ie n’ay plus de ſouci, ſi la met ſoubz ſon onde

76.0 412.0 318.0 25.0 Peut aux gouffres plus bas tout le monde abiſmer,

77.0 431.0 279.0 24.0 Ou ſi le ciel nous peut en cendres conſumer.

92.0 452.0 320.0 25.0 Ie voy bien que tous ceux qui peſent leur attente,

77.0 471.0 285.0 24.0 Sur le cercle tornant d’vne rouë inconſtante,

83.0 491.0 272.0 25.0 » N’attendent que du vent; car la felicité,

84.0 512.0 312.0 25.0 - Que l'on cerche icy bas, n’eſt rien que vanité.

79.0 532.0 275.0 25.0 Le Soleil ſans ſejour conduſſant ſa lumiere

79.0 553.0 298.0 25.0 Par les degreZ contez, perfaiet bien ſa carriere:

80.0 572.0 346.0 27.0 , Mais l’homme n’a point d’heure, ains ſuiect au deſtin,

82.0 592.0 298.0 24.0 , A toute heure du iour il do ibt craindre ſa fin.

89.0 613.0 294.0 34.0 'auoy touſiours congneu, (car Dieu mefauoriſe

238.0 39.0 12.0 13.0 1
