522 767
101.0 46.0 367.0 31.0 EPITAPHE DV GRAND IEAN

124.0 69.0 344.0 27.0 PIC DE LA MIRANDE TRADVIT;

204.0 91.0 168.0 26.0 du Latin de Marulle,

214.0 136.0 162.0 11.0 Tariu LE DIGRE.

147.0 154.0 283.0 35.0 V plus beau de ſes ans Picus perdit la vie,

116.0 205.0 27.0 1.0 A

110.0 181.0 340.0 31.0 Qui fut vne grand perte à tous les bons eſprits,

109.0 207.0 301.0 24.0 De perdre la douceur de tant de beaux eſcrits,

109.0 227.0 287.0 26.0 Et tant de beaux ſecretZ de la philoſophie.

124.0 247.0 263.0 29.0 La nobleſſe, l’honneur, la ſcience, ſuiuie

110.0 271.0 300.0 24.0 D'une admirable grace, & le verdoiant pris,

112.0 292.0 322.0 25.0 N’ont point flechi le ſort, qui tient tout à meſpris,

111.0 311.0 285.0 29.0 Et force l’aſſeurance où plus l’homme ſe fie.

129.0 334.0 294.0 25.0 Il n’eſt point mort ſi ieune à faute de nature:

115.0 356.0 243.0 24.0 Car nature iamais n'a doué creature

115.0 376.0 319.0 23.0 De plus de riches dons, dans vn eſprit plus beau.

115.0 395.0 363.0 28.0 Mais la parque en ſa mort veut aux hommes aprendre,

117.0 417.0 355.0 28.0 Qu'aux humaines grandeurs il ue nous faut attendré:

124.0 439.0 348.0 29.0 » Car il n'eſt rien ſi grand qui ne tombe au tombeau.

272.0 45.0 17.0 1.0 82

197.0 466.0 229.0 30.0 Inſcription pour luy-meſme.

137.0 507.0 220.0 29.0 Souz cette lame belle & grande,

123.0 532.0 220.0 24.0 Le grand Picus de la Mirande;

124.0 554.0 206.0 25.0 N’a point enfermé ſon renom;

137.0 573.0 223.0 29.0 Il est cogneu du Gange, au Tage,

125.0 596.0 232.0 25.0 Mais pour en ſçauoir d’auantage,

125.0 615.0 251.0 36.0 C'eſt aſſez de ſrauoir ſon nom... Œ

252.0 636.0 115.0 37.0 LE DIGNE.
