495 715
45 38 277 28 . De ce qu'elle a de cher. Auſſi plus viuement

39 61 239 24 Cette triſte eſploré reſſentit le torment

40 81 277 25 De ce coup de fortune, & ſa vois lamentable

40 101 302 24 Monſtroit bien que la cauſe eſtoit trop veritable.

52 121 291 26 Las!ſi en ſon malheur m'eſt reſté quelque point,

42 142 295 23 C’eſt de pleurer ſon mal, & de ne la voir point!

42 161 275 24 Car de la voir ſi triſte, helas!c'eſt vn martire

42 181 280 25 Qui ſe peut bien ſentir, mais il ne ſe peut dire.

59 200 321 26 Voir ces deux beaux ſoleils ſiege d’vn ſainct amour,

42 221 294 24 ChargeZ de triſte pleurs, battus tout à l’entour.

44 240 292 25 Voir ſe perdre & changer d’vne palleur ternie,

43 261 266 24 Ce beau teint qui paſſoit la nege plus vnie.

56 280 290 23 Le printemps le plus beau ne peut tout amaſſer

43 300 298 25 Ny d’email, ny de fleurs, lors qu’il veut tapiſſer

43 320 268 23 D’vn amoureux deſir, le ſeiour de ſa Flore;

45 339 264 25 Que la triſte beauté, que l’ennuy deſcolore,

45 359 265 23 Portoit de vif eſmail, & de belles couleurs,

46 378 308 25 Qu'elle efface à cette heure, au couler de ſes pleurs.

58 401 315 22 Há Dieu qui pourroit voir cette beauté perfaicte,

46 419 303 25 Ayant changé ſon teinct, toute palle & deffaitte,

46 440 240 22 Se negliger du tout, viure de ſes ennuis,

47 458 276 23 Le iour ſe tormenter, veiller toutes les nuitz,

46 478 293 23 Ne tirer à toute heure autres mots de ſa bouche,

48 497 271 23 Que le nom bien aimé de celuy qui la touche,

47 517 294 27 Et bref ſoubz la douleur qui la preſſe trop fort,

47 537 235 25 Triſte repreſenter l’image de la mort.

48 555 301 27 C’eſt aſſez pour mourir. Car la douleur qui preſſe

48 576 240 26 Cette triſte beauté, feroit de ſa triſteſſe

49 595 257 24 Eſclatter vn rocher. Helas!ce cruel dueil

49 616 289 32 Faict redoubler touiours les larmes de mon œil

196 25 18 19 67

283 639 23 27 L ij
