518 742
103.0 42.0 273.0 31.0 D'eſtre né, & nourry, au ſein de ſon Egliſe)

104.0 67.0 291.0 26.0 Que tout ce qui ſe voit en ce merueilleux tout,

103.0 88.0 303.0 25.0 Soit en hault, ſoit en bas, de l’vn à l’autre bout,

103.0 109.0 294.0 26.0 Eſtoit tout periſſable, & d’vne loy commune,

104.0 130.0 270.0 24.0 Sujet à ce iouët, que l’on nomme Fortune:

105.0 150.0 267.0 25.0 Et toutesfois par là ie ne congnoiſſois pas,

106.0 171.0 284.0 25.0 Que ce braue Seigneur fust ſi pres du treſpas.

122.0 190.0 304.0 26.0 Treſpas heureux pour luy:car une mort ſi belle.

107.0 211.0 292.0 26.0 Ne peut eſtre qu’heureuſe à vn homme fidelle,

108.0 231.0 330.0 28.0 Qui combat pour ſon Dieu, qui combat pour ſa foy,

110.0 253.0 301.0 26.0 Qui combat pour garder ſa prouince à ſon Roy.

122.0 272.0 330.0 25.0 Las il eſt bon pour luy! mais pour nous trop funeſte,

110.0 292.0 293.0 27.0 Puiſqu'apres ſon treſpas, helas! il ne nous reſte

111.0 312.0 290.0 28.0 Que larmes, que ſoupirs, & le facheux project

110.0 334.0 259.0 24.0 De deplorer ſa mort auec trop de ſuject.

126.0 354.0 274.0 26.0 Ie pleure iuſtement, car ie cognois la perte

113.0 374.0 334.0 26.0 Que faict toute la France au mal que ie regrette.

120.0 394.0 259.0 26.0 » Entre le ſort diuers de ce qui eſt fatal,

120.0 415.0 297.0 25.0 » C’est vn ſenſible mal, de cognoiſtre ſon mal.

127.0 435.0 301.0 26.0 Celuy qui giſt au lict, qui d’vne ame eſtourdie,

115.0 456.0 282.0 25.0 Ne ſent, ou ne cognoiſt, quelle eſt ſa maladie,

116.0 476.0 300.0 26.0 S’il n’a moins de douleur, au moins en cet effort,

115.0 497.0 259.0 26.0 Le danger non cogneu ne le bleſſe ſi fort.

116.0 519.0 297.0 25.0 Aux extremes dangers, le peu de cognoiſſance

117.0 538.0 306.0 26.0 Semble encor apporter quelque peu d’allegeance.

131.0 559.0 286.0 25.0 Or ie cognois mon mal, & ie le cognois tel,

118.0 579.0 268.0 26.0 Que de n’en pleurer point ſeroit eſtre cruel.

119.0 600.0 320.0 26.0 Car pouuoir ſans pleurer, perdre ce que l’on ayme,

119.0 619.0 263.0 34.0 Ce ſeroit cruauté, entre le Scythe meſme.

273.0 33.0 10.0 13.0 8

440.0 642.0 32.0 27.0 Car
