508 712
73.0 102.0 361.0 26.0 A MADAME M. MARIE

119.0 124.0 279.0 26.0 Siluie de la Roche-Foucault, Dame de

137.0 146.0 229.0 26.0 Champdenier, Geruazé & la

203.0 168.0 101.0 25.0 Mothe, &c.

157 200 277 26 NE contentement de vous eſcrire m’a eſté

157 219 277 29 tres grand ces iours paſſez, Madame, lors

156.0 241.0 279.0 24.0 que i’auoy tant de belles occaſiõs de vous

159 259 276 24 Emander des nouuelles de ceux que vous

74.0 280.0 362.0 21.0 aymez: mais maintenant i’oblie ce premier bien, me

75.0 299.0 362.0 22.0 voyãt reduit à tãt de malheurs que de vous enuoier ce

74.0 317.0 364.0 25.0 trop ſuffiſãt ſuject de triſteſſe. Ie ſuis trop certain que

72.0 338.0 366.0 22.0 voſtre dueil ſera renouuellé à la premiere veuë de ce

76.0 357.0 361.0 23.0 Tombeau, tant pour la memoire du tiltre, que pour la

76.0 377.0 364.0 24.0 douleur de voſtre propre ennuy, n’ayãt pas eu loiſir

75.0 396.0 365.0 23.0 d’eſſuyer voz yeux pour vous conſoler vn peu de la

75.0 415.0 363.0 23.0 mort de Monſeigneur voſtre frere, que les meſmes lar¬

75.0 434.0 364.0 24.0 mes ont ſeruy de pleurer voſtre particuliere perte.

77.0 454.0 362.0 23.0 Voilà les exercices de cette annee, & les fruicts de ce

75.0 473.0 364.0 24.0 malheureux temps, qui ne ſemble eſtre diſpoſé que

77.0 493.0 362.0 25.0 pour ſe reſouldre en vne reuolutiõ generale de pleurs,

76.0 513.0 361.0 23.0 & lamẽtations funebres. Lors que i’ay ſceu cette mau¬

76.0 532.0 362.0 24.0 uaiſe nouuelle, i’eſtoy ſur le point de vous faire voir ce

77.0 551.0 361.0 25.0 Tombeau, mais i’ay differé iuſques à ceſte heure, &

79.0 571.0 358.0 24.0 pour la douleur que i’ay receuë de voz nouueaux re¬

78.0 590.0 359.0 23.0 grets, & d’autant qu’il ne me ſembloit pas raiſonna¬

77.0 609.0 360.0 24.0 ble d’enuoier vn refreſchiſſemẽt d’afflictiõ à vne Da¬

75.0 628.0 362.0 34.0 me de voſtre rang ſi recentement affligee.Si ie le vous

81.0 263.0 23.0 17.0 Er

252 31 9 20 3
