543 732
112.0 43.0 353.0 24.0 A HAVLTE ET PVISSANTE

129.0 61.0 337.0 25.0 Dame, Fuluia Pica de la Mirande, Dame de

133.0 82.0 333.0 24.0 RANDAN, Dame d’honneur de la Royne,

134.0 101.0 333.0 24.0 veufue de feu Meſſire Charles de la Roche

133.0 123.0 336.0 23.0 Foucault, Comte de RANDAN, Baron du Lu¬

134.0 143.0 335.0 26.0 guet, & Colonnel & Lieutenant general de

134.0 163.0 166.0 25.0 l’infanterie Françoiſe.

202.0 200.0 269.0 33.0 ACE du grand Picus, qui fut dict ſans

213.0 223.0 46.0 22.0 enuie

206.0 239.0 266.0 34.0 Le Phenix de ſon âge, & l'hõneur des neuf

218.0 263.0 43.0 26.0 ſœurs,

122.0 283.0 311.0 25.0 Pour cette belle mort ne iettez point depleurs.

130.0 304.0 270.0 25.0 - Deſirable eſt la mort qui honore la vie.

126 255 66 28 PIA

278 25 19 17 80

137.0 341.0 301.0 27.0 CroieZ en ce malheur voſtre graue conſtance,

125.0 364.0 303.0 25.0 Qui ſçait que c’eſt du monde, & de ſes vanitez.

131.0 383.0 263.0 25.0 - Ceſte vie eſt ſujette à mille aduerſitez,

131.0 405.0 290.0 25.0 * Mais tout mal ſ'adoucit auec la patience.

138.0 442.0 340.0 28.0 En voZ beaux ieunes ans vous aueZ biẽfaict preuue

126.0 465.0 291.0 25.0 Que vous aueZ l’eſprit aux malheurs preparé,

127 485 266 25 Voſtre grand nom auſſi en eſt plus honoré.

135 505 345 29 - L’honneur doit eſtre grand d’vne conſtante veufue.

141 541 308 30 Voſtre eſpoux combatant pour ſouſtenir l'Egliſe.

128 564 306 27 Volla (comblé de gloire) au grand ſeiour diuin.

128 585 264 27 Voſtre fils a ſuiui & la gloire, & la fin.

136 605 298 33 -Bien heureuſe eſt la fin, que la gloire eterniſe.

411 629 68 30 Le grand
