1172 1836
378.0 84.0 708.0 72.0 rimaltera mẽti al iena quæratur)

372.0 154.0 726.0 57.0 excogitare culpæque veluti com

370.0 206.0 726.0 65.0 missæ veniam deprecari. Cùm

375.0 262.0 713.0 65.0 præsertim reges obscura & igno¬

371.0 318.0 717.0 65.0 bili disputantium actione nõ læ¬

370.0 371.0 720.0 65.0 dantur: qui si læsi, subtiliori cala¬

371.0 428.0 718.0 62.0 mo deffẽsionis onꝯ defero: ne acu

370.0 485.0 710.0 61.0 tiorũ segetẽ falce adultera in in¬

372.0 537.0 706.0 66.0 tempestiua calamitate colligam.

375.0 598.0 712.0 62.0 Verùm vbi primo mihi locum

370.0 655.0 716.0 63.0 hũc Palatii (in quo oratores niti

369.0 709.0 713.0 71.0 solent) licuit ascendere: mihi illi¬

370.0 777.0 714.0 59.0 co afflata nescia quædam volun¬

369.0 825.0 716.0 68.0 tas, me scilicet tibi ascriptitium a

373.0 886.0 714.0 65.0 perire, accurritque simùl me tan

369.0 938.0 715.0 66.0 to honore posse frui, si quid ex

368.0 993.0 715.0 68.0 meis studiis literis obsi g narem

365.0 1052.0 719.0 66.0 tuó que nomini circũferrẽ. Ame

368.0 1107.0 712.0 68.0 igitur expectata hæc est occasio

371.0 1163.0 706.0 69.0 quæ hoc (qualecumque sit) serui¬

368.0 1219.0 713.0 68.0 li mu nere defignatur. paruũ qui

367.0 1275.0 712.0 67.0 dem, si potissimùm cum officiis

364.0 1332.0 713.0 66.0 seru ilibus preposterè examinetur

364.0 1389.0 712.0 66.0 & perpendatur. Arduus prætereà

365.0 1443.0 712.0 69.0 quæstionis tractatus mihiaddidit

363.0 1501.0 708.0 66.0 animum tibi libellum hunc con¬

362.0 1558.0 713.0 72.0 secrãdi. eius enim authoris sermo

548.0 1661.0 192.0 53.0 Bayerische

510.0 1700.0 265.0 57.0 Staatsbibliothek

568.0 1743.0 152.0 54.0 München
