1173 1831
93.0 90.0 726.0 70.0 nem extenuare occipi, qui vitam

102.0 173.0 716.0 45.0 omnem ftudiis perpoliuit: mihi

100.0 210.0 722.0 67.0 proindè quærendus fuit Theseus

101.0 267.0 711.0 64.0 qui obtuso fortè nostro sermo¬

98.0 322.0 713.0 70.0 ni subtilitatem & splẽ dorem ad¬

98.0 384.0 714.0 65.0 deret. si igitur (quod exoro) sis

98.0 437.0 714.0 63.0 mihi Theseus, tanto amictus cly

103.0 494.0 709.0 68.0 peo sagittarum aciem & aduersa¬

99.0 548.0 715.0 65.0 riorum iniuriosa verba in poste¬

99.0 600.0 714.0 70.0 rùm contundo. Tibi verò (quò

97.0 662.0 718.0 75.0 me citius aperirem) scripseram iã

97.0 725.0 718.0 61.0 duo sunt anni Anticatona seu de

95.0 778.0 718.0 64.0 iuuentute libellum, quò Cicero¬

97.0 832.0 721.0 65.0 nis catoni maiori siue dialogo de

96.0 890.0 716.0 60.0 senectute cõtradixeram. contra¬

91.0 940.0 726.0 62.0 dicta tamen immortalitas animi

91.0 997.0 721.0 71.0 ab instituto pedem suasit referre,

92.0 1061.0 721.0 68.0 nè studioru m cẽsores me animũ

93.0 1119.0 724.0 64.0 ab ea tamen opinione alienissimũ

92.0 1170.0 717.0 63.0 vnũ cum sermone habere forte e¬

86.0 1223.0 731.0 65.0 xi stimarent. Vt cùmque sit hoc

82.0 1278.0 727.0 65.0 meo labore si te oblectari resciue¬

81.0 1330.0 731.0 68.0 ro, sunt mihi præ manibus quidã

81.0 1398.0 730.0 65.0 libri de iure regalix, quos maiori

78.0 1451.0 731.0 66.0 cum studio, iurisconsultus ma¬

76.0 1508.0 732.0 65.0 gis, tibi perficiam. Datum Pari¬

73.0 1563.0 523.0 70.0 siis prid. id.sept.1575.
