1135 1834
66.0 105.0 739.0 53.0 sariò admittit, quia Clearchus Theodectem

65.0 148.0 739.0 53.0 filium in philosophia quidem sibi simi-lem ha¬

70.0 187.0 730.0 51.0 buit : non proindetamen quod filius eſſet, ſed

68.0 228.0 742.0 55.0 quod Clearchum patrem sagacitate solertiâque

64.0 271.0 736.0 49.0 adæquaret vt ait Plutarchus: Voluit igitur Plato

65.0 311.0 734.0 50.0 à psiphismate fortunatum imperium manare: &

64.0 353.0 737.0 47.0 fortassis qui cum eo illud existimarunt duabus

65.0 386.0 738.0 55.0 rationibus hanc opinionem fulciuerunt. Certũ Cap. licet 3.

64.0 432.0 737.0 49.0 enim omnibus est electionem dignitatis esse: Id quest. lap.

67.0 464.0 733.0 60.0 est eli gentis finem esse clariorem eligere, si igi- Constitutus

68.0 508.0 735.0 57.0 tur dignioribus sit imperandumi cum nec digni- de appell.

69.0 553.0 731.0 50.0 tas, nec morum grauitas stirpe detinetur: reges

69.0 594.0 735.0 49.0 restat eligẽdos. Altera ratio fuit ciuitates eas me

71.0 630.0 732.0 56.0 lius regi quæ consentiente veluti ciue reguntur

68.0 674.0 735.0 52.0 quæ enim volũtariè geruntur, etsi natura grania

66.0 715.0 735.0 50.0 sunt, voluntate tamen mitiora redduntur, me¬

65.0 752.0 738.0 53.0 lius igitur rex electus quam naturalis. Eas duxi

66.0 793.0 738.0 53.0 prius rationes subuertere, quam quid struere, vt

67.0 834.0 735.0 51.0 igitur exordiar, fateor quidem, nec quisquam

68.0 872.0 735.0 54.0 hominum tectè inficiari possit. Electionis finẽ

69.0 912.0 734.0 54.0 dignitatis esse: verum si penes eum qui primariè

68.0 954.0 737.0 53.0 regatur, regis spectat electio: maxime populum

67.0 993.0 736.0 53.0 spectabit, cumis à regibus primarie regatur: At¬

70.0 1034.0 731.0 55.0 qui plebs omnimodo dignitatis ignara, propo¬

69.0 1074.0 733.0 52.0 sita igitur fine denudabitur clectio, quis enim

74.0 1115.0 727.0 52.0 sagacem populum dixerit? aut quem populus

73.0 1155.0 730.0 51.0 antiquitus colendum sibi effinxit, præter eum

70.0 1193.0 724.0 54.0 qui sibi assentarit? Atqui assentatorém quis re¬

71.0 1231.0 732.0 55.0 gno habilem dixerit? cum omnis assentator sibi

65.0 1272.0 731.0 54.0 diffidat, aut certe multum à forti aberret? An¬

64.0 1312.0 734.0 54.0 He eum ea populum quis dixerit idoneum psi¬

63.0 1352.0 735.0 55.0 phismate regem sortiri: qui ignarus Themisto¬

60.0 1390.0 736.0 55.0 clis formæ, exilium Themistocli tamen ipsi in¬

63.0 1431.0 737.0 50.0 seulpendum ære dederit? stupidus, qui cum stu¬

58.0 1468.0 746.0 58.0 piditate parum iustus patriam Themistocli nihil

58.0 1512.0 743.0 56.0 (quoad se) tale merenti proscripserit: huicne po¬

61.0 1548.0 742.0 59.0 pulo, qui delusus primò citra suspicionem de¬

58.0 1590.0 747.0 57.0 mocratiæ peruertendæ, citra opes ostracismo id

58.0 1631.0 743.0 70.0 est decennali exilio amantissimum sibi & fibi si¬

192.0 78.0 460.0 42.0 CONT. OT HOS FRANC.

784.0 70.0 26.0 56.0 3

827.0 180.0 173.0 53.0 Plut. in phi¬

829.0 218.0 85.0 73.0 ladelp.

830.0 374.0 167.0 79.0 Cap. licet 8.

829.0 429.0 143.0 57.0 quest. lap.

829.0 476.0 140.0 49.0 Conſtitutus

827.0 507.0 119.0 63.0 de appell.

559.0 1676.0 87.0 69.0 A iij

826.0 1616.0 172.0 86.0 Tamata
