1167 1830
186.0 158.0 175.0 43.0 primo metita

181.0 186.0 172.0 61.0 cu corui fari¬

184.0 230.0 172.0 56.0 nam abſum¬

180.0 271.0 178.0 59.0 pſiſſent fau¬

181.0 316.0 108.0 46.0 ſtum.

372.0 132.0 737.0 70.0 rator. Præterea dũ crebris micabat ignibus æther

372.0 187.0 737.0 50.0 igniſque nube fligida exciperetur, & ſi ſuffra¬

372.0 225.0 737.0 58.0 gantes puncti punctis, tabellam impleuiſſent:

372.0 263.0 741.0 55.0 tonitru tamen re infecta, timore puerili domi

378.0 306.0 734.0 55.0 ſeſe ciues recipere compellebat (Vauthor eſt

376.0 346.0 734.0 53.0 Plutharcus in Dione. (rerant Syracuſis bouem

373.0 387.0 739.0 52.0 domituni, non inſolentem, neque multitudi¬

376.0 423.0 733.0 61.0 nis inſuetum, iugum tamen reliquiſſe, conci¬

376.0 468.0 734.0 45.0 tatóque curſu ad theatrum contendiſſe: & ni

375.0 504.0 730.0 58.0 Syracuſanorum mens læua fuiſſet, ni populi,

373.0 547.0 737.0 56.0 patiiæ ve communis erymnis ſiculorum oculos

372.0 590.0 733.0 52.0 òbcæcaſſet. Impulſi ſatis à funeſta prætoiũ ele¬

375.0 629.0 730.0 48.0 ctione diſcedere, ſed forte aduerſus numẽ cæci¬

372.0 664.0 730.0 55.0 ſunt oculi: Numen verò doctiores à prima dio¬

375.0 709.0 727.0 55.0 nis prætura arguebant, multóque temporis

372.0 748.0 732.0 54.0 ſpatio ſiculos libertate non fruituros, quod

375.0 789.0 730.0 52.0 Dion primus cùm prætor deſignaretur horolo¬

375.0 828.0 727.0 58.0 gio vmbratili aſſediſſet. Quicquid ſit inde patet,

372.0 867.0 730.0 51.0 veteres vix ſuæ reipublicæ ſtatum ſuffragijs cõ¬

375.0 907.0 727.0 56.0 miſiſſe, ſi prouinciam quidem quamtumuis

373.0 951.0 729.0 44.0 obſcuram non temerè ſuis crederent. Parum

378.0 988.0 724.0 55.0 Igitur ſeniliter Othomanus de regio pſiphiſ¬

373.0 1027.0 729.0 57.0 mate in ſua Francogallia ſcripſit: cùm ſcilicet

376.0 1069.0 723.0 56.0 regium hoc pſiphi ſma totum regni ſtatum per¬

375.0 1107.0 724.0 56.0 uertat ve infrà ſum dicturus. Sed vereor (ne in¬

376.0 1146.0 726.0 58.0 excuſatus ſermonem proferàm) vt qui tracta¬

375.0 1191.0 724.0 48.0 tum hũc præter ſpem exactè perlegerint ſimi¬

376.0 1227.0 726.0 52.0 le fortaſſis eis quod mihi occurat. Athenienſiũ

373.0 1270.0 731.0 56.0 videlicet approbata modo. Improbataue Arati

372.0 1306.0 729.0 61.0 ante pugnam incolorata facies: aut vmbratilis

373.0 1348.0 728.0 55.0 illa Romanæ iuuentutis de deuincendo Han¬

379.0 1389.0 722.0 61.0 nibale frequens declamitatio, quippe vt anti¬

378.0 1430.0 721.0 59.0 quæ iuuentutis incertus erat ſermo: vix etiam

375.0 1472.0 728.0 51.0 tractatus is certo demetitur fine: ſit enim fœlix

374.0 1511.0 728.0 57.0 illa reſpublica quæ ab æreo pſiphiſmate rega¬

376.0 1550.0 729.0 55.0 tur, aut illa fœlicior cui Dardanus author & re

377.0 1591.0 726.0 57.0 ges varij ſcindunt ſe ſanguine ab vno (vtlo qui¬

377.0 1632.0 726.0 54.0 tur poëta) quid noſtra tamẽ? Quid de hoc cõtẽ¬

379.0 1674.0 722.0 62.0 dere aliud eſt quã de colore aereæ chimeræ in¬

183.0 347.0 178.0 57.0 fauſti alexũ.

186.0 390.0 175.0 56.0 dro corui qui

178.0 431.0 194.0 53.0 ab areno ſis

186.0 468.0 181.0 48.0 numidiæ cam

184.0 507.0 169.0 57.0 pis exulem ſi¬

183.0 553.0 173.0 52.0 ti ferè eneca¬

184.0 585.0 174.0 60.0 tum exer citu

189.0 628.0 171.0 52.0 volatu edu¬

187.0 666.0 174.0 56.0 xerũt Plut in

192.0 710.0 169.0 47.0 Alexand. cor

186.0 747.0 172.0 49.0 ui etiam car

187.0 788.0 163.0 50.0 thaginiẽ ſium

189.0 829.0 172.0 55.0 cladem polici

181.0 870.0 180.0 52.0 ti timoleunti

187.0 910.0 169.0 67.0 Plut.ie timo.

186.0 948.0 146.0 49.0 regi etiam

187.0 1003.0 156.0 38.0 Francorum

190.0 1027.0 165.0 55.0 Philippo pul¬

187.0 1069.0 174.0 48.0 chro contra

190.0 1108.0 166.0 58.0 Belgas certa

190.0 1151.0 174.0 50.0 turo pugnæ

189.0 1189.0 175.0 50.0 exitum g illis

196.0 1232.0 171.0 47.0 auſtum num

189.0 1276.0 161.0 47.0 tiarunt vid.

186.0 1306.0 178.0 60.0 annal. fian.

192.0 1349.0 169.0 61.0 Plothar. in

187.0 1393.0 106.0 46.0 dione.

195.0 1430.0 161.0 62.0 Plutar. in ar.

542.0 111.0 407.0 49.0 PET. TVRE L. CAMP.
