1124 1818
36.0 407.0 723.0 85.0 Petri Turrelli Cam¬

85.0 496.0 684.0 69.0 PANI ET IN SVPRE¬

80.0 550.0 691.0 83.0 mo Galliarum senatu aduocati

82.0 617.0 682.0 68.0 contra othomani Francogal-

88.0 663.0 329.0 71.0 liani Libellus.

288.0 780.0 467.0 54.0 ETERES Romani nullas

289.0 821.0 467.0 58.0 suæ reipublicæ dignitates quã

290.0 864.0 466.0 53.0 tũuis essent humiles, aut par

287.0 903.0 464.0 54.0 uæ si quid monstri, Inopinati¬

283.0 940.0 463.0 55.0 ue die electionis dicto accidis¬

276.0 983.0 483.0 56.0 set suffragijs popularibus cõ¬

38.0 1023.0 709.0 47.0 miserunt. Quo more patrio imbutus Cæsar:

44.0 1062.0 706.0 56.0 quia suprema vitæ nocte fenestræ domus suæ vi

46.0 1106.0 701.0 51.0 ventorum cessissent, & si extra Itali am exter¬

39.0 1144.0 707.0 54.0 rarum nationum die subsequenti à senatu rez

38.0 1185.0 708.0 55.0 salutandus: terræ, marisque diademate exor¬

36.0 1227.0 710.0 51.0 nandus esset: noctu tamen nocturna per diem

35.0 1264.0 710.0 55.0 indutus veste ciuilibus officijs quiescere destina

33.0 1303.0 711.0 56.0 tat, fecissétque, ni Decius brutus Albinus (ad¬

36.0 1345.0 709.0 53.0 uerso iam Cæsaris fato aductus) dissuasisset.

36.0 1384.0 707.0 57.0 Tanti momenti antiquitus erat electio, si Gal¬

34.0 1427.0 710.0 54.0 bini lex qua Pompeius (ciuis quidẽ nomine) re

32.0 1464.0 706.0 56.0 ipsa vero exterarum nationũ rex designabatur:

31.0 1502.0 710.0 61.0 fuisset populo rogata. Post quã coruus clamo¬ Plut. in Fóp.

31.0 1548.0 711.0 52.0 te populi, denso aëre rarefacto è cœlo in terrã

31.0 1583.0 712.0 53.0 decidit: haud scio (& si apud eos coruus esset

28.0 1619.0 704.0 89.0 boni ominis) an Albinius suæ legis fuisset ero-

752.0 83.0 15.0 63.0 1

42.0 999.0 207.0 0.0 V

767.0 919.0 152.0 88.0 Plut in Caes.

762.0 1484.0 166.0 71.0 Plut. in Fóp.

762.0 1572.0 152.0 62.0 Fines enim

764.0 1618.0 144.0 75.0 Alxãdria

573.0 1683.0 18.0 95.0 A
