1170 1830
355.0 142.0 732.0 36.0 cer cælar, eque guna enet pioumcia, raulte¬

359.0 166.0 730.0 52.0 que trecenta hoſtiũ millia noua regna queren¬

359.0 205.0 733.0 52.0 tia trans Rhenũ trucidacet, Cato tamẽ ille qui

357.0 244.0 733.0 51.0 ſe vtice vita exemit ſenatui ſuaſit Cæſarem pro¬

358.0 284.0 733.0 54.0 fligatis reddendum: quod citra facultatem pu¬

360.0 324.0 730.0 54.0 gnæ cum populo licet fœdifrago, conſeruiſſet.

358.0 366.0 734.0 50.0 Mihi igitur in omnibus his ſuperioribus diſpar

357.0 404.0 738.0 53.0 citra mandatum in cauſa publica diſputãti quid

362.0 447.0 730.0 50.0 concedetur? Atqui hæc in rebus quidem ſtatus

363.0 486.0 727.0 53.0 quædam, verũ in chriſippeo ſtadio (in quo ve¬

360.0 523.0 732.0 56.0 ritas extremum ea nullatenus inſpicienda:libe¬

369.0 562.0 720.0 54.0 ra eſt enim omnibus veritatis inquiſitio quæ

369.0 600.0 720.0 58.0 nec etiã aſſenſu, aut diſſenſu terlij vitiatur, nec

372.0 640.0 715.0 58.0 putarim etiam Othomani ſupercillia me vllo

365.0 684.0 724.0 52.0 modo ſubacturum: ſed in me potius, diſcipulũ

366.0 724.0 725.0 53.0 quid à paucis annis ſeuiſs e arguet, ſi hypoma¬

365.0 765.0 730.0 53.0 cho gladiatori parũ ſimilis fuerit qui quidem vt

366.0 806.0 728.0 52.0 ferunt, quos ſemel duello, Ludicio gladio

367.0 845.0 728.0 51.0 habilitarat obambulando etiam & incedendo

369.0 886.0 728.0 52.0 eos agnoſcebat. Quæ qualiſcumque peccati

374.0 926.0 724.0 53.0 purgatio niſi fueret firma ſatis teſſera amoris

373.0 966.0 726.0 53.0 ineumdi Ageſilai, & Lyſandri more, haſtæ ar¬

369.0 1007.0 730.0 53.0 recto mucrone inſtitutum progredior. Hic vero

372.0 1045.0 726.0 53.0 tractatus ſibi ſolum fere effinxit regalia otho¬

375.0 1090.0 723.0 49.0 mani ſuffragia inficiari, auguſtamque ſtrictio¬

375.0 1127.0 725.0 52.0 ribus regni conſilijs admittendam, quædam

373.0 1168.0 728.0 52.0 etiam de lege ſalica quæ clarè omnibus inoteſ¬

375.0 1206.0 726.0 54.0 cent. Ne igitur chartula hæc ſermone ſolo in¬

377.0 1248.0 724.0 54.0 utili compleatur : propoſitas queſtiones qua

196.0 1283.0 706.0 60.0 poterimus facilitate inquiramus.

477 90 478 47 PET. TVRREL. CAMP.

180 542 167 89 Aſtmptie

175 610 172 59 ad municip.

178 645 178 70 Ariſt. h. de

180.0 699.0 139.0 61.0 interpret.

191.0 966.0 171.0 41.0 Plut. in Die

192.0 1003.0 58.0 38.0 ne,

192.0 1100.0 165.0 26.0 Parnſio O

191.0 1116.0 173.0 54.0 theſis totius

192.0 1159.0 139.0 46.0 tractatus.

209 1322 163 6 Pla.2.d. Rep.

413 1357 508 21 fuamaauas uma

381.0 1365.0 725.0 55.0 Non me fugit quoſdam fuiſſe magni nominis

380.0 1407.0 727.0 51.0 authores qui feliciores eas reſpublieas exiſti¬

380.0 1448.0 727.0 51.0 marunt quæ voce libera regem ſalutarent, quã

381.0 1487.0 726.0 54.0 eas quæ morte vltimò regnantis reges defigna¬

382.0 1527.0 730.0 51.0 tos neceſçario haberẽt inaugurãdos. Interquos

380.0 1564.0 736.0 55.0 Athenenſis plato: cũ enim fœliciores eas reſ¬

384.0 1605.0 729.0 54.0 publicas exiſtimat quæ à philoſophis regibus

388.0 1645.0 725.0 87.0 zubernantur proinde regis clectionem neceſ¬
