1159 1831
349.0 113.0 736.0 42.0 millimum mulctauit? Nicias enim & Alcibiades

350.0 146.0 737.0 52.0 cùm ostracismi diem proximum intuerentur

351.0 186.0 734.0 51.0 diuitiis, & authoritati quæsitæ diffidentes: hy¬

352.0 228.0 731.0 51.0 perbolum populatem in momento efferunt,

353.0 268.0 732.0 45.0 elatúmque ostracismo mulctant: sic populus is

354.0 308.0 730.0 51.0 atticus quem modo contra potentiores auda¬

355.0 347.0 732.0 51.0 cem nebulonem, & loquacem petulantem

355.0 385.0 733.0 51.0 habebat, eundem exilio destinauit, exiliúmque

360.0 428.0 729.0 46.0 adhuc exulis indecentis persona (cum eodem

357.0 465.0 732.0 47.0 nobiles citta crimen tempore) non meritis ple¬

362.0 507.0 725.0 58.0 cterentur) contaminarit, de quo sic Plato Co¬

366.0 550.0 108.0 48.0 micus.

494.0 74.0 452.0 40.0 PET. TVRREL. C.AMP.

357.0 601.0 579.0 44.0 Rai τoi τπali Toν mpiroν ~αν αgiα

361.0 632.0 497.0 55.0 Αὐτᾶ δ ἐ, τω ςιγμά των ἀνάρια

358.0 679.0 517.0 52.0 τOῦ τ̀ θιούτων ἐνς ἐ, ὄςραχευρέbν

365.0 718.0 413.0 51.0 Qui versus ita latinè redduntur,

364.0 759.0 512.0 52.0 Quamuis suis dignè passus sit moribus

364.0 797.0 508.0 53.0 Se ipso tamen non digna, nec suis notis

361.0 837.0 593.0 53.0 Nam non repertum istius est causa ostracum.

176.0 919.0 170.0 37.0 Quod ta men

177.0 950.0 151.0 47.0 primum in

184.0 983.0 124.0 52.0 electione

171.0 1030.0 177.0 46.0 arch. in cap.

171.0 1065.0 177.0 53.0 lic. 8. quest.1.

170.0 1105.0 180.0 55.0 frede cons.90

172.0 1147.0 177.0 61.0 Plut- in alcib.

394.0 896.0 694.0 35.0 Quis igitur regni lortem populo démanda¬

364.0 915.0 727.0 54.0 ret? cùm populus sit inconstans, facilis, cum nõ

363.0 954.0 730.0 56.0 discrimen habet, recta ne iudicet, si Alcibiades

365.0 991.0 727.0 60.0 vbi de vita ageretur matri non credendum pu¬

364.0 1034.0 728.0 57.0 tatit, ne ignara mater in colore fabæ peccatet,

365.0 1073.0 731.0 53.0 in irremeabiléque discrimen filium vocitaret

366.0 1113.0 729.0 57.0 haud scio an non maiori cum ratione tanta re¬

363.0 1154.0 734.0 55.0 tum series populo sit deneganda. Materna enim

365.0 1194.0 732.0 56.0 faba vnius sortem explorat: popularis autem e¬

364.0 1232.0 732.0 57.0 lectio multorum vitam, fortunásque subhastat,

365.0 1271.0 731.0 62.0 ac plærumque dilapidat. Non ergo regni series

366.0 1313.0 731.0 60.0 populo tam vario, tam in se eontrario, vt vllum

368.0 1354.0 731.0 56.0 velle per horam vix habeat, est committenda

367.0 1393.0 732.0 57.0 quod si licuerit antiqua paucis euoluere. Nulli

367.0 1433.0 733.0 57.0 vnquam populari ore inflati simili pede vitæ sta¬

365.0 1472.0 738.0 60.0 dium perlustrarunt. Pompeius (cui genius pater¬

365.0 1517.0 737.0 54.0 nus quoad amoris conciliationem erga popu-

366.0 1554.0 739.0 56.0 lum inuersus erat) non populares morsus in vi¬

365.0 1593.0 742.0 53.0 tæ catastrophe, in vita occidente (vt id em ex¬

367.0 1633.0 732.0 84.0 probrab at sy llæ superauit: fed probri loco Aga¬
