1146 1838
350.0 86.0 734.0 56.0 multis è milibus. Quicquid fit ex his quæ dixi¬

353.0 130.0 732.0 53.0 mus patet regno funestam regis electionem si

352.0 172.0 732.0 51.0 potissimum sit penes populum. cuius electionis

348.0 228.0 736.0 35.0 finis & li dignitas fit, haud icio an dignitatis in-

347.0 250.0 734.0 54.0 quisi tio popuplo sit defferenda. Rudis enim po

347.0 291.0 736.0 54.0 pulus (vt iam dictum est, plus fidit opinioni quã

346.0 330.0 735.0 50.0 essentiæ, imo ipsa opinio ipsi rei essentia est, &

345.0 370.0 736.0 54.0 natuta vt cum philosophis loquar. Atqui facil¬

348.0 412.0 731.0 52.0 limum est etiam patum sapientibus arte pruden

346.0 452.0 733.0 50.0 tiam (vt in hominum mentibus infinitæ sunt la¬

348.0 492.0 730.0 54.0 tebræ, infinitíque recessus) effingere. Que cum

346.0 530.0 730.0 55.0 ita sint, facillimum erit electionem dignitatis fi¬

348.0 571.0 726.0 54.0 ne denudare. Qui igitur asserit digniorem po¬

349.0 612.0 724.0 54.0 pularibus suffragiis in regni subsellia deducen¬

347.0 655.0 723.0 50.0 dum, parum, vt mihi quidem videtur abest,

346.0 692.0 726.0 52.0 quin cum comico dixerit cum rarioneinsanien¬

345.0 733.0 729.0 53.0 dum, sit igitur premissa hæc propositio in se vera

346.0 775.0 726.0 52.0 electionis nimirum finem dignitatis esse, popu¬

343.0 812.0 730.0 53.0 lo tamen si conferatur, falsa erit, sagacitas enim

345.0 851.0 729.0 51.0 homines à plebe separat cum plebeii dicantur

345.0 894.0 728.0 56.0 hi, qui hebetes sunt & obtusi, ergo cum populus

343.0 935.0 728.0 53.0 sit obtusus, vix digniorem eliget. Proceres præ¬

345.0 976.0 726.0 50.0 terea ferè ommes ea sunt edocti scola vt existi¬

344.0 1013.0 728.0 55.0 ment (& si quandoque temerè) seipsos dignitate

344.0 1056.0 727.0 52.0 excedere neminem, si quis igitur vt dignior vo¬

342.0 1094.0 728.0 54.0 ce communi subfellia regia ascenderit: non quo

344.0 1132.0 727.0 57.0 ad quosdam, igitur dignior existimabitur: inde

342.0 1175.0 727.0 54.0 inuidiæ, inde bella quæ quàm populo fint inimi

343.0 1216.0 726.0 52.0 ca satis notum. Quantis milibus Macedonum

344.0 1258.0 724.0 52.0 Alexandri magni de regnaturo sermo vitam

340.0 1295.0 725.0 53.0 eripuit, quesitus enim in vitæ decliuio cui mun¬

343.0 1334.0 724.0 54.0 di prouinciam demandaret, contempto ventre

346.0 1376.0 722.0 51.0 posthumóque, digniori adiudicauit at licet ver

349.0 1420.0 720.0 47.0 bum facto lubens permut asset, nusquam tamẽ

347.0 1455.0 720.0 52.0 potuit, lieet enim perdicã dato Annulo successo

347.0 1493.0 720.0 55.0 rẽ mundi designasset successorẽ tamen nusquã

344.0 1536.0 722.0 52.0 Ptolomeus, Eumenes, Antigonus, Lysimachus,

341.0 1575.0 728.0 52.0 & cæteri in expeditione Alexandri socii, agno¬

336.0 1614.0 734.0 87.0 uerunt quod fi filuum regno vocitasset diutius

495.0 55.0 451.0 46.0 TET. TVRRIL. CAMP.

166.0 1429.0 172.0 21.0 1 cualtirn

164.0 1444.0 174.0 48.0 opusc. quem

162.0 1481.0 174.0 64.0 seripsit de fors

163.0 1522.0 94.0 51.0 Alex,
