1141 1853
92.0 92.0 724.0 76.0 dorẽ abstulit qui fortaßis orator o ser moni non

90.0 179.0 728.0 35.0 detyer cinanatpralertar quapi lanoriia

92.0 195.0 726.0 69.0 ctatulo obscuritas à pũctis quibusdam clausulis

94.0 252.0 728.0 56.0 indecenter intertextis depromenda.is enim qui

97.0 294.0 723.0 70.0 Typographis Censor præest quò sibi prima hu¬

97.0 346.0 725.0 70.0 ius tractatus explanaret quædam omisit, quæ¬

100.0 399.0 720.0 60.0 dam immutauit. nam cum anxie multùm la¬

100.0 444.0 723.0 63.0 borassem multúmque operæ in transcribendo

117.0 493.0 704.0 61.0 (vt minutis totus perfungor) hoc tractatulo

104.0 542.0 719.0 62.0 consumpsissem, quò meũ apud me repeterem a¬

106.0 591.0 720.0 60.0 nimum: fateor me museo exceßisse, rurique o¬

109.0 637.0 717.0 64.0 pelli solatium triduo quæsiuisse omni tametsi

110.0 686.0 716.0 64.0 opere Typographi cella incalescente. qui (vtas¬

115.0 738.0 711.0 57.0 solet) cum educta lineamenta immisisset domi,

115.0 784.0 716.0 65.0 inuisaque reportasset. seriò (me inconsulto) cudẽ

118.0 836.0 715.0 58.0 da iußit. nec prece aut præcio tempus hoc ( imi

120.0 886.0 710.0 56.0 nente iam festo Remigiali) exinanire potui.

121.0 933.0 713.0 60.0 Cogor igitur ne in erroris suspicionem veniam

118.0 982.0 715.0 59.0 primum huius libelli limen erratis obsignare.

119.0 1032.0 714.0 59.0 Cogore tiam Typographi imprudẽti dedecore,

124.0 1079.0 709.0 61.0 facilitate ductus nimia, in angustis parietibus,

123.0 1126.0 713.0 63.0 in inertiquè otio delitessere. Vulpes equidem

122.0 1177.0 713.0 59.0 Aesopica Leonis & Galli gallinacei iudex in

123.0 1227.0 712.0 57.0 dictum certamẽ inspectura cum à belluino præ

124.0 1274.0 710.0 61.0 cone per itineris amfractus, erroresque ducere¬

126.0 1320.0 711.0 63.0 tur: contempto iudicã di pacto fœdere iracunda

126.0 1373.0 706.0 58.0 in præconem sæuit quam timeo ne his præmis¬

131.0 1419.0 704.0 60.0 sus error à lectione huius tractatus omnes eti¬

133.0 1465.0 702.0 69.0 am abducat, lectorumque animos à me auersos

140.0 1515.0 304.0 67.0 libelloquesuggerat.
