1126 1859
68.0 88.0 736.0 52.0 memnoni, in pharsalicis campis agnomen obti- Plutarch. in

68.0 125.0 740.0 56.0 nuit: sed & pars populi obscurior peditem ar- Princip. vit¬

68.0 170.0 740.0 49.0 matum tacto pede latio vt educeret, eum exo- Pompeij.

69.0 209.0 736.0 53.0 rabat quo sur fiduciam contra Cæsarem iniuriæ

69.0 244.0 734.0 61.0 loco exprobraret. Demetrius ab Atheniensibus Plutar in de¬

69.0 295.0 739.0 45.0 diuum primo honores reportauit, paruo tamen met,

71.0 331.0 736.0 50.0 elapso tempore mucronem atticum in se circun

73.0 369.0 732.0 53.0 spexit. Ferunt & Carthaginenses dum Hanni¬

74.0 410.0 732.0 51.0 balis fortuna stabat mulus honoribus eundem

77.0 448.0 730.0 54.0 affecisse, eodem tamen ad zaman à Romanis

81.0 488.0 723.0 57.0 profligato. Nihil illi oculus patriæ causa obcc¬

80.0 529.0 729.0 53.0 catus, nihil annullorum ingens aceruus, nihil

80.0 570.0 728.0 51.0 Italicæ victoriæ, tanto sudore bellico quesitæ

82.0 610.0 725.0 53.0 potuerunt. Tanta plebis inconstantia atque per

78.0 650.0 729.0 53.0 uersitas. Parum igitur cautus regni clauum huic

79.0 690.0 728.0 52.0 demandaret. Si præterea plebs (vt iam dictum

79.0 730.0 730.0 52.0 est ) in tantum sit in se varia vt sui velle ferè sit

81.0 770.0 727.0 54.0 ignara. Pars plebis voce quosdam in regnum

79.0 814.0 728.0 49.0 efferet pars altera, alterum quis vero regum nisi

87.0 849.0 723.0 54.0 victus, semel electo deferret imperium, si quadã

85.0 891.0 724.0 48.0 manu populari fretus? quis etiam tanto psiphis¬

85.0 933.0 726.0 49.0 mate se denudati viuens patietur? Inde igitur

85.0 970.0 725.0 56.0 contentio, inde bellum, inde plebs sibi plagam

90.0 1009.0 351.0 48.0 facit: si potissimum.

217.0 53.0 429.0 38.0 CONT. OTH. FRANC.

773.0 48.0 30.0 57.0 4

822.0 72.0 179.0 61.0 Pluarch. in

823.0 123.0 168.0 61.0 Princip. vita

818.0 168.0 118.0 55.0 Pompeij.

822.0 237.0 170.0 79.0 Plutar in de¬

826.0 295.0 45.0 61.0 met.

89.0 1049.0 569.0 57.0 Quicquid delirant reges plectuntur Achiui.

111.0 1090.0 699.0 56.0 Funesta igitur reipublicæ regis electio, si enim

90.0 1131.0 721.0 53.0 apud Romanos diaria, aut annalis prouincia

88.0 1171.0 719.0 54.0 toties campum martium inimico sanguine as¬

89.0 1210.0 721.0 54.0 perserit, si nullus ferè electionis dies cede, &

89.0 1252.0 721.0 54.0 cruore Romano vacarit, qui regia affectanti¬

90.0 1293.0 721.0 53.0 bus se negligi, & voce plebeia denudari in re

90.0 1331.0 718.0 56.0 presertim regia patietur, si tyranni quo libe¬

89.0 1374.0 717.0 51.0 rè tyrannide potiantur in suos iniustè sæ- Plut. in fra

89.0 1409.0 712.0 53.0 uiunt, qua humanitate, vel porius ferro in terna amiti¬

91.0 1453.0 715.0 49.0 exteros vtentur? Ariamenes quidem cum Xerxe tia.

88.0 1487.0 718.0 55.0 fratre de regno persico contendens & si armis Qaimale Xer

89.0 1527.0 720.0 56.0 instructus cois placidè tamen de regno in arta- xi adiudica¬

89.0 1570.0 715.0 56.0 banum consensit, quid si dissensisset? Regno uitl moris ff.

91.0 1609.0 715.0 79.0 quantas acies, aut strages parasset sed is vnus de pœnis.

843.0 1034.0 145.0 45.0 Terria-

818.0 1054.0 109.0 59.0 epist. 2.

823.0 1374.0 168.0 48.0 Plut. in fra

828.0 1411.0 163.0 59.0 terna amici

825.0 1450.0 43.0 49.0 tia.

825.0 1488.0 172.0 58.0 Qzimale Xer

823.0 1529.0 174.0 57.0 xi adiudica

828.0 1569.0 169.0 63.0 uitl. moris ff.

825.0 1615.0 114.0 61.0 de psenis.

566.0 1650.0 111.0 77.0 A iiij
