1166 1833
157.0 152.0 177.0 80.0 rluta. in De

157.0 204.0 115.0 55.0 metrio.

345.0 118.0 732.0 59.0 Attica Lamia Demetrio Reſpondit. Quò igitur

354.0 169.0 718.0 46.0 gallorum reges primi, ſuos ſibi obſequentiores

343.0 204.0 733.0 54.0 redderent, vix per annum ſemel ſe populo oſ¬

346.0 246.0 732.0 51.0 tentabant: quo ſcilicet liberali metu populum

340.0 284.0 739.0 54.0 retinerent: melior igitur illa reſpub. quæ liberali

342.0 324.0 737.0 54.0 metu, quàm quæ licentia gubernatur. Atqui

343.0 365.0 734.0 53.0 rex gentilis qui à ſibi ſubditis priuatus origi¬

343.0 405.0 737.0 54.0 nem duxit : iiſdem ſemper eſt contemptui (vt

343.0 451.0 735.0 44.0 probandum recipio). Ergo cùm externus non

346.0 487.0 732.0 52.0 ſit eligendus, nec gentilis, in ijſque duntaxat

345.0 528.0 729.0 50.0 verſetur electio, conſtat regem non eſſe eligen¬

341.0 565.0 734.0 52.0 dũ. in omnibus ſuis partibus Dilemma hoc meo

339.0 607.0 737.0 52.0 iudicio concludit niſi ea in parte improbata

343.0 646.0 730.0 53.0 qua diximus gentilem regem ſuis eſſe contem¬

342.0 687.0 731.0 54.0 ptui. Et ſi verò ex ſupradictis huiuſce rei faci¬

341.0 732.0 732.0 47.0 lis eliceretur probatio, æquè prompta tamen

341.0 765.0 734.0 56.0 adeſt. Ferunt apud Ægiptios quendam Amaſim

340.0 807.0 735.0 52.0 inſperatè Ptolomei arma, in ſigniáque aſſe¬

340.0 849.0 737.0 53.0 cutum & regno non infidiantem, ab egiptijs

340.0 890.0 738.0 51.0 tamen regem ſalutatum. Verum cum in dies

340.0 926.0 737.0 54.0 ei libera voluntas regnandi creſceret, habuit

340.0 967.0 737.0 55.0 ſuorum de ſe contemptum in obſe quium verte¬

339.0 1010.0 741.0 52.0 re: quod vt humaniùs perficeret, occurrit men ti

343.0 1047.0 734.0 58.0 pre foribus regij Palatij vrnam aſtare: In qua

344.0 1090.0 734.0 50.0 quidem pro more qui ſe vt regem haberent col¬

343.0 1130.0 735.0 53.0 loqui pedes aqua ibi appoſita cogebãtur abluc¬

345.0 1167.0 734.0 53.0 re. Primo igitur illa ſuperſtitioſa aqua hiãti ca¬

346.0 1210.0 733.0 54.0 lore terræ aſperſa, vrnam hanc cudi, & in ερμl͂

347.0 1252.0 727.0 52.0 efformari iuſſit. Atque pauco interiecto tem¬

350.0 1291.0 726.0 54.0 pore populo muliebri, & ſuperſtioſo ado¬

351.0 1324.0 724.0 62.0 randum dedit. Quo viſo: ac ſi Cleomenis ex

353.0 1368.0 721.0 57.0 cerebro enixus iterum ſerpens, mercurium mul¬

354.0 1405.0 723.0 61.0 tis ſermonibus exorant: eductàque è viſceribus

345.0 1452.0 730.0 53.0 Apis Ægiptij flamma cer ea, eũdem incendunt:

349 1496 729 45 thuréque exhalato perhumectant. Nec tamen

351.0 1530.0 726.0 57.0 (ſi hiſtoricis credamus) Amaſis diutius popu¬

343.0 1572.0 737.0 53.0 lum mercurio inſeruire paſſus: quo animo hæc

343.0 1609.0 733.0 55.0 feciſſet populo patefecit, ſermonis autem in¬

342.0 1650.0 734.0 77.0 ſtar hoc fuit vt vrna immutara Mercurium cf¬

485.0 83.0 462.0 47.0 PET. TVRREL. CAMP.

160.0 1299.0 174.0 81.0 quiab Egi¬

151.0 1359.0 186.0 56.0 ptijs adoratus

152.0 1405.0 187.0 49.0 Plutarchus in

153.0 1445.0 132.0 52.0 fine vitæ

153.0 1484.0 161.0 72.0 Cleomenis.
