1143 1839
96.0 118.0 723.0 35.0 forte Alezandri nomen, armaque Macedoni¬

94.0 142.0 729.0 54.0 bus imperassent. Antiqui poëtæ Troiæ ctiam

93.0 182.0 728.0 51.0 excidium à dignitatum æmulatione deriuarunt

92.0 221.0 729.0 55.0 prisca enim dignitas in elegantia formæ, seu

93.0 263.0 727.0 51.0 venustate erat posita, vt patet ex malo aurco

94.0 301.0 725.0 53.0 cui erat insculptum detur pulchriori, iudicium

92.0 362.0 729.0 35.0 Paridis ipreteque imuria forma ted ilidd inde

92.0 384.0 728.0 49.0 accidit meo iudicio quod comparatiuum hoc

93.0 419.0 726.0 58.0 (dignior) seuerit veluti belli crimina, multúm¬

92.0 460.0 729.0 53.0 que ad bellum dissentientibus dederit aditum

93.0 498.0 726.0 57.0 vt scilicet inuidiosum: at inuidia non belli di¬

90.0 541.0 729.0 54.0 cocomes, sed potius sola radix, & origo. Ve¬

89.0 583.0 735.0 57.0 rum dicent aliqui inuidiam inter æquales so¬

89.0 627.0 730.0 52.0 lummodo consistere. Reges vero proinde om¬

88.0 664.0 735.0 55.0 nis inuidiæ expertes, quod nullos sibi pares in

89.0 708.0 731.0 52.0 regno habeant. At regem suffragiis ascititium

88.0 745.0 735.0 52.0 vix eum regni maiorem, & primum existima¬

89.0 785.0 734.0 53.0 bunt qui parem calculum, similémque fortunæ

87.0 828.0 737.0 50.0 aleam subierunt. Atque quoniam magnatũ con

90.0 865.0 735.0 52.0 tentiones hasta, ferróque definiuntur multi re¬

90.0 910.0 733.0 49.0 gnicolæ opem, armaque socia, ita regi obstan¬

87.0 946.0 733.0 53.0 tibas, indignatisque proceribus ferent. Cum

85.0 985.0 735.0 51.0 enim omnibus probis aut improbis honores

85.0 1023.0 734.0 55.0 deposcantur, quia spesiam hostium deuictorum

86.0 1070.0 732.0 51.0 honores, munera, dignitatésque vt victoriæ an¬

88.0 1104.0 729.0 55.0 nexas, victoribus pollicetur. Proindè restat vt

90.0 1147.0 727.0 52.0 probi ad bella accendantur. Sed & facilius im¬

86.0 1189.0 730.0 59.0 probi cum ἐν Αηχοςασιν ἀ, ὀ πάνςκακος ἐμμερε

83.0 1232.0 733.0 55.0 riuñς. Vt ait Euripides & in dissidio impurus sor

82.0 1271.0 736.0 54.0 titur honorem (detur) sic versum versu parũ ele¬

81.0 1312.0 737.0 52.0 gãrireddere. Coactus enim euripides versus, ma

85.0 1353.0 733.0 52.0 gis coactũ nostrum reddit, quę si contigerint fu

79.0 1393.0 737.0 53.0 nesta fuerit reipublicæ electio que tantæ dissen¬

76.0 1431.0 744.0 59.0 tionis causa fuerit, nullo modo igitur ex pedit

76.0 1476.0 740.0 48.0 regno cõmuni voce regem formare, sed potius

75.0 1514.0 742.0 51.0 stirpe, & natura iam designato, inseruire. Sed ne

72.0 1552.0 744.0 53.0 is noster sermo sit superfluus, dumque regis ele¬

72.0 1593.0 746.0 52.0 ctionem asserentibus totis viribus obstamus

70.0 1632.0 744.0 89.0 tamquam themate destituci, in corum qui con¬

209.0 64.0 468.0 48.0 CONT. CTHO. FRANC.

790.0 72.0 21.0 44.0 5
