1180 1856
73 120 744 59 teri Apollinis oraculo Parthos non posse subigi.

74 169 744 51 nec ignominiã resarciri, quin prius Romanorũ

71 209 747 52 rex quis esset salut atus: Cæsarem proinde regem

72 247 746 53 esse salutandum. Sic Lysander diuum responsis

72 290 745 46 artem intertexerat, verum non tantum nefas in

72 329 744 52 aduehendo præter leges Patriæ spartanæ auro

72 369 746 52 commiserit, quàm fecisset: si per vitam institutũ

73 410 744 55 perficere licuisset nec vsquam tanta luctus cau¬

74 451 740 55 sa Τρέςαντας gestare Lacedemonios adegisset,

79 498 741 50 quàm funesta hæc regni nouatio, vrbis igitur

79 536 738 52 Spartanæ dij tutellares in eo se acres ciuium de¬

77 576 740 51 fensores exhibuerunt, quod Lysandtum præter

75 617 742 44 ætatem. Non enim vltima senectute confectus

75 655 742 54 haliarto Boëtiæ oppido sepelierunt. Nec enim

76 704 742 47 tantum Gyllippo auaro ignominiæ priuatæ

75 738 745 51 causam præbuisset: quantam patrię communi

77 778 739 52 plagam in roganda regum electione attullisset.

77 819 741 51 Multum etiam apud spartanos eius res gestæ

80 858 737 52 splendoris amiserunt, hac ipsa scilicet de regis

80 899 740 49 clectione, oratione post obitum reperta, in vul¬

81 938 737 53 gusque ab Agesilao fecitata. Nullo igitur modo

79 979 739 49 regis electio m regno est admittenda. Secunda

82 1020 735 51 restat ratio inficiãda quæ maximè regis electio¬

83 1061 733 48 nem posset asserere. Ea igitur fuit: propterea re¬

90 1101 725 50 gis electionem in repub. admittendam quod

90 1140 720 49 semel electo regi melins inseruiant electores,

90 1179 725 53 voluntariéque magis omnes, ciuilia subeant

85 1221 728 45 munera. Atqui recenti oratione satis prob atum

84 1262 730 50 fuit: regum electores sibiipsis in electione vix

84 1300 730 51 constare, atque etiam quos modò ad imperia

86 1341 728 51 voce euexissent, eosdem bilingues inconstanti

84 1383 730 50 calculo, ab insigniis imperatorus, & regalibus

83 1419 732 53 eiecisse. Quæ cũ vera sint, vix electores equiori

81 1460 732 51 & lubentiori animo tegibus à se electis elapso

80 1502 732 51 tẽpore insetuient: cũ ne primo in die, aut primo

77 1537 737 54 in lumine imperij inseruiant quidem. Superfluũ

76 1582 736 48 igitur fuerit dicere à populo reges eligendos,

79 1621 733 51 quo lubentiori animo isdem regtous inseruiat,

76 1661 737 74 cum huic causæ pręcipuæ (vtprobatum est) ratio

202 91 466 46 CONT. OCTO. FRANC.

795 83 21 54 9

636.0 1702.0 31.0 56.0 B
