<?xml version="1.0" encoding="UTF-8"?>
<alto xmlns:xsi="http://www.w3.org/2001/XMLSchema-instance"
      xmlns="http://www.loc.gov/standards/alto/ns-v4#"
      xsi:schemaLocation="http://www.loc.gov/standards/alto/ns-v4# http://www.loc.gov/standards/alto/v4/alto-4-2.xsd">
  <Description>
    <MeasurementUnit>pixel</MeasurementUnit>
    <sourceImageInformation>
      <fileName>p_029.jpg</fileName>
    </sourceImageInformation>
  </Description>
  <Tags>
    <OtherTag ID="BT7" LABEL="CustomZone" DESCRIPTION="block type CustomZone"/><OtherTag ID="BT8" LABEL="DamageZone" DESCRIPTION="block type DamageZone"/><OtherTag ID="BT9" LABEL="DigitizationArtefactZone" DESCRIPTION="block type DigitizationArtefactZone"/><OtherTag ID="BT10" LABEL="DropCapitalZone" DESCRIPTION="block type DropCapitalZone"/><OtherTag ID="BT11" LABEL="GraphicZone" DESCRIPTION="block type GraphicZone"/><OtherTag ID="BT12" LABEL="MainZone" DESCRIPTION="block type MainZone"/><OtherTag ID="BT13" LABEL="MarginTextZone" DESCRIPTION="block type MarginTextZone"/><OtherTag ID="BT14" LABEL="MusicZone" DESCRIPTION="block type MusicZone"/><OtherTag ID="BT15" LABEL="NumberingZone" DESCRIPTION="block type NumberingZone"/><OtherTag ID="BT17" LABEL="QuireMarksZone" DESCRIPTION="block type QuireMarksZone"/><OtherTag ID="BT18" LABEL="RunningTitleZone" DESCRIPTION="block type RunningTitleZone"/><OtherTag ID="BT19" LABEL="SealZone" DESCRIPTION="block type SealZone"/><OtherTag ID="BT20" LABEL="StampZone" DESCRIPTION="block type StampZone"/><OtherTag ID="BT21" LABEL="TableZone" DESCRIPTION="block type TableZone"/><OtherTag ID="BT22" LABEL="TitlePageZone" DESCRIPTION="block type TitlePageZone"/><OtherTag ID="BT3081" LABEL="MainZone-Continued" DESCRIPTION="block type MainZone-Continued"/><OtherTag ID="BT3082" LABEL="MarginTextZone-Notes" DESCRIPTION="block type MarginTextZone-Notes"/><OtherTag ID="BT3083" LABEL="MarginTextZone-ManuscriptAddendum" DESCRIPTION="block type MarginTextZone-ManuscriptAddendum"/><OtherTag ID="BT3084" LABEL="MainZone-Head" DESCRIPTION="block type MainZone-Head"/><OtherTag ID="BT3085" LABEL="MainZone-P" DESCRIPTION="block type MainZone-P"/><OtherTag ID="BT3086" LABEL="MainZone-Sp" DESCRIPTION="block type MainZone-Sp"/><OtherTag ID="BT3087" LABEL="MainZone-Lg" DESCRIPTION="block type MainZone-Lg"/>
    <OtherTag ID="LT7" LABEL="CustomLine" DESCRIPTION="line type CustomLine"/><OtherTag ID="LT8" LABEL="DefaultLine" DESCRIPTION="line type DefaultLine"/><OtherTag ID="LT9" LABEL="DropCapitalLine" DESCRIPTION="line type DropCapitalLine"/><OtherTag ID="LT10" LABEL="HeadingLine" DESCRIPTION="line type HeadingLine"/><OtherTag ID="LT11" LABEL="InterlinearLine" DESCRIPTION="line type InterlinearLine"/><OtherTag ID="LT12" LABEL="MusicLine" DESCRIPTION="line type MusicLine"/>
  </Tags>
  <Layout>
    <Page WIDTH="1169"
          HEIGHT="1823"
          PHYSICAL_IMG_NR="25"
          ID="eSc_dummypage_">
      <PrintSpace HPOS="0"
                  VPOS="0"
                  WIDTH="1169"
                  HEIGHT="1823">
        <TextBlock HPOS="342.0"
                   VPOS="95.0"
                   WIDTH="782.0"
                   HEIGHT="1627.0"
                   ID="eSc_textblock_294f83b3"
                   TAGREFS="BT3081">
          <Shape><Polygon POINTS="342 100 362 1719 1124 1722 1121 95"/></Shape>
          <TextLine ID="line_1"
                    TAGREFS="LT8"
                    BASELINE="365 121 1117 121" 
                    HPOS="365.0"
                    VPOS="86.0"
                    WIDTH="752.0"
                    HEIGHT="51.0">
            <Shape><Polygon POINTS="365 121 365 136 513 132 548 137 553 137 554 137 558 137 590 132 603 137 604 137 605 137 606 137 610 137 642 132 659 137 660 137 661 137 662 137 663 137 664 137 670 132 698 137 702 137 703 137 706 137 731 132 760 137 763 137 764 137 770 137 837 132 851 137 852 137 853 137 854 137 865 132 877 137 878 137 879 137 881 137 917 132 952 137 953 137 954 137 957 137 1028 132 1041 137 1042 137 1043 137 1044 137 1072 132 1116 137 1117 121 1117 86 1007 86 1006 86 1005 86 980 95 929 95 916 86 915 86 914 86 913 86 912 86 896 95 845 95 827 86 826 86 825 86 811 86 790 87 789 87 788 87 778 94 766 87 765 87 764 87 728 94 686 88 685 88 684 88 683 88 675 94 645 86 644 86 643 86 642 86 639 86 599 95 532 95 512 86 511 86 510 86 509 86 508 86 506 86 478 94 458 86 457 86 456 86 455 86 417 86 414 87 413 87 412 87 405 93 396 86 395 86 394 86 393 86 365 86 365 121"/></Shape>
            <String CONTENT="deficiat. Prę̧terea si res æqua lance, sit examinan"
                    HPOS="365.0"
                    VPOS="86.0"
                    WIDTH="752.0"
                    HEIGHT="51.0"
                    WC="0.9843375"></String>
          </TextLine>
          <TextLine ID="line_2"
                    TAGREFS="LT8"
                    BASELINE="366 165 1115 159" 
                    HPOS="365.0"
                    VPOS="126.0"
                    WIDTH="750.0"
                    HEIGHT="55.0">
            <Shape><Polygon POINTS="366 165 366 176 433 174 448 176 489 181 490 181 491 181 492 181 499 175 501 173 529 173 542 175 580 180 581 180 582 180 583 180 592 174 595 172 712 172 716 173 738 179 739 179 740 179 777 172 786 171 793 172 831 178 832 178 989 172 1017 176 1018 176 1042 171 1058 176 1059 176 1060 176 1114 168 1115 159 1113 134 1088 134 1074 126 1073 126 1072 126 1071 126 1052 134 995 134 984 128 983 128 982 128 902 134 883 126 882 126 881 126 880 126 856 135 826 126 825 126 784 126 783 126 782 126 781 126 769 136 739 136 718 127 717 127 716 127 715 127 714 127 702 136 702 137 689 137 682 137 670 127 669 127 668 127 615 127 614 127 556 128 555 128 537 136 516 129 515 129 514 129 513 129 490 138 489 139 410 139 410 138 385 131 384 131 383 131 382 131 365 137 366 165"/></Shape>
            <String CONTENT="da ex præmissa hac aduersariorum ratione: se¬"
                    HPOS="365.0"
                    VPOS="126.0"
                    WIDTH="750.0"
                    HEIGHT="55.0"
                    WC="0.9976857142857143"></String>
          </TextLine>
          <TextLine ID="line_3"
                    TAGREFS="LT8"
                    BASELINE="367 203 1116 200" 
                    HPOS="366.0"
                    VPOS="169.0"
                    WIDTH="750.0"
                    HEIGHT="51.0">
            <Shape><Polygon POINTS="367 203 367 216 401 220 402 220 403 220 404 220 409 216 414 214 422 216 431 219 432 219 433 219 434 219 435 219 438 216 443 213 489 213 513 216 537 220 538 220 539 220 540 220 544 216 550 212 682 212 690 216 690 217 691 217 692 217 693 218 693 217 694 217 695 217 695 216 703 212 721 216 733 219 734 219 735 219 740 216 749 212 767 216 780 219 781 219 804 216 827 214 839 216 852 219 853 219 854 219 855 219 859 216 864 212 871 216 873 218 874 218 875 218 876 218 877 218 882 216 896 212 921 216 932 218 933 218 934 218 940 216 958 211 979 216 985 218 986 218 987 218 988 218 991 216 1003 211 1114 216 1116 200 1114 178 1007 178 984 169 983 169 928 169 927 169 926 169 925 169 916 175 876 169 875 169 874 169 860 176 850 170 849 170 848 170 847 170 806 177 771 170 770 170 769 170 768 170 760 176 753 172 752 172 751 172 681 178 629 170 628 170 627 170 626 170 618 175 586 171 585 171 584 171 567 179 531 171 530 171 529 171 504 180 438 180 431 174 430 174 429 174 428 174 366 180 367 203"/></Shape>
            <String CONTENT="quitur regem habere quasi populi gestis annne"
                    HPOS="366.0"
                    VPOS="169.0"
                    WIDTH="750.0"
                    HEIGHT="51.0"
                    WC="0.9984714285714286"></String>
          </TextLine>
          <TextLine ID="line_4"
                    TAGREFS="LT8"
                    BASELINE="365 245 1116 241" 
                    HPOS="364.0"
                    VPOS="215.0"
                    WIDTH="752.0"
                    HEIGHT="40.0">
            <Shape><Polygon POINTS="1104 215 1094 215 1083 215 1073 215 1063 215 1053 215 1043 215 1042 215 1006 216 1003 215 1002 215 992 215 982 215 972 215 962 215 952 215 942 215 931 215 927 215 923 218 894 218 889 215 881 215 871 215 861 215 856 215 843 217 836 215 830 215 820 215 810 215 805 217 788 216 777 215 769 215 759 215 749 215 739 215 729 215 719 215 709 215 698 215 695 215 685 216 676 217 668 217 647 215 638 215 628 215 617 215 608 215 606 217 605 219 525 219 523 218 519 215 516 215 506 215 496 215 486 215 479 215 472 218 470 220 364 220 365 245 365 255 1115 252 1116 241 1113 215 1104 215"/></Shape>
            <String CONTENT="re, aut assentiri. Quod tatum à maiestate regia"
                    HPOS="364.0"
                    VPOS="215.0"
                    WIDTH="752.0"
                    HEIGHT="40.0"
                    WC="0.99765"></String>
          </TextLine>
          <TextLine ID="line_5"
                    TAGREFS="LT8"
                    BASELINE="365 284 1116 281" 
                    HPOS="364.0"
                    VPOS="249.0"
                    WIDTH="752.0"
                    HEIGHT="50.0">
            <Shape><Polygon POINTS="365 284 365 294 374 299 375 299 376 299 406 293 413 292 421 293 460 299 461 299 497 293 506 292 536 292 538 293 546 299 547 299 548 299 549 299 595 293 614 291 625 293 646 298 647 298 670 293 682 291 695 293 724 298 725 299 758 299 758 298 759 298 771 293 777 291 799 293 823 296 824 296 852 293 868 292 871 293 875 297 876 297 877 297 878 297 941 296 942 296 947 293 954 290 996 293 1042 297 1043 297 1116 293 1116 281 1114 254 1083 249 1082 249 1081 249 1063 254 1055 256 1049 254 1035 249 1034 249 979 249 978 249 977 249 976 249 968 255 965 257 888 257 885 255 867 249 866 249 865 249 864 249 848 256 846 256 844 256 822 250 821 250 820 250 819 250 800 256 796 252 795 252 794 252 793 252 744 256 735 257 733 257 714 250 713 250 712 250 680 256 615 250 614 250 613 250 596 258 594 259 553 259 552 258 531 251 530 251 529 251 528 251 510 258 510 259 490 259 429 259 398 251 397 251 396 251 395 251 385 259 364 259 365 284"/></Shape>
            <String CONTENT="alienum est, vt nihil magis vt in sequentibus plu"
                    HPOS="364.0"
                    VPOS="249.0"
                    WIDTH="752.0"
                    HEIGHT="50.0"
                    WC="0.9937666666666667"></String>
          </TextLine>
          <TextLine ID="line_6"
                    TAGREFS="LT8"
                    BASELINE="365 325 1115 321" 
                    HPOS="364.0"
                    VPOS="288.0"
                    WIDTH="751.0"
                    HEIGHT="52.0">
            <Shape><Polygon POINTS="365 325 365 333 391 339 392 339 393 339 408 334 411 333 414 334 434 338 435 338 436 338 445 334 447 333 514 333 516 334 544 340 546 340 547 340 560 334 566 332 615 332 619 334 625 339 626 339 627 339 628 339 629 339 641 335 649 332 660 335 674 338 675 338 676 338 677 338 678 338 681 335 685 332 704 335 720 337 721 337 734 335 756 331 791 331 803 335 810 338 811 338 812 338 813 338 820 335 828 332 884 332 889 336 892 338 893 338 894 338 895 338 918 336 944 333 963 336 972 337 973 337 974 337 975 337 976 336 983 331 1015 336 1023 337 1024 337 1115 336 1115 321 1112 288 1066 297 989 293 988 293 924 298 856 293 810 289 809 289 808 289 799 294 789 299 739 299 731 295 723 290 722 290 721 290 665 290 664 290 663 290 662 290 652 297 648 299 632 297 582 290 581 290 499 291 498 291 497 291 484 300 483 300 478 300 381 291 380 291 379 291 378 291 364 299 365 325"/></Shape>
            <String CONTENT="ribus verbis sumus dicturi. Addam etiam quod"
                    HPOS="364.0"
                    VPOS="288.0"
                    WIDTH="751.0"
                    HEIGHT="52.0"
                    WC="0.9891142857142857"></String>
          </TextLine>
          <TextLine ID="line_7"
                    TAGREFS="LT8"
                    BASELINE="366 362 1107 364" 
                    HPOS="365.0"
                    VPOS="330.0"
                    WIDTH="742.0"
                    HEIGHT="49.0">
            <Shape><Polygon POINTS="366 362 365 369 383 377 384 377 385 378 484 378 484 377 485 377 497 371 498 371 529 377 530 377 531 377 550 372 553 371 567 372 637 377 638 377 639 377 640 377 647 373 650 371 654 373 662 376 663 376 664 376 678 373 687 371 695 373 707 377 708 377 709 377 743 374 764 372 768 374 772 378 773 378 774 378 775 379 838 379 838 378 839 378 840 378 843 375 847 372 871 372 878 376 882 378 883 378 884 378 885 379 922 379 922 378 938 376 970 372 977 377 978 378 979 378 980 378 981 379 1009 379 1009 378 1018 377 1061 372 1105 378 1107 364 1106 340 1049 334 1048 334 1047 334 1036 338 1007 331 1006 331 1005 331 1004 331 989 339 957 333 956 333 955 333 943 339 912 331 911 331 910 331 882 336 867 331 866 331 865 331 864 331 863 331 853 339 852 339 849 339 803 334 802 334 774 339 771 339 761 331 760 331 759 331 758 331 757 331 741 338 713 330 712 330 657 330 656 330 655 330 654 330 643 338 643 339 532 339 532 338 515 330 514 330 513 330 512 330 511 330 502 338 501 339 482 339 481 338 473 331 472 331 471 331 387 330 386 330 385 330 366 337 366 362"/></Shape>
            <String CONTENT="si libido hæc inconstanti populo concedatur,"
                    HPOS="365.0"
                    VPOS="330.0"
                    WIDTH="742.0"
                    HEIGHT="49.0"
                    WC="0.9937833333333334"></String>
          </TextLine>
          <TextLine ID="line_8"
                    TAGREFS="LT8"
                    BASELINE="366 405 1113 402" 
                    HPOS="365.0"
                    VPOS="369.0"
                    WIDTH="748.0"
                    HEIGHT="52.0">
            <Shape><Polygon POINTS="366 405 366 413 390 420 391 420 392 420 497 414 499 414 508 421 509 421 510 421 511 421 512 421 527 416 559 421 560 421 561 421 562 421 570 414 571 414 572 414 613 421 614 421 615 421 629 414 632 413 691 413 696 414 715 420 716 420 717 420 718 420 735 414 739 413 741 414 748 420 749 420 750 420 751 420 775 415 783 413 785 415 790 419 791 419 792 419 793 419 817 415 818 415 842 420 843 420 892 415 920 412 928 415 939 419 940 419 941 419 942 419 951 415 958 412 965 415 973 419 974 419 975 419 1009 415 1021 414 1023 415 1028 419 1029 419 1030 419 1031 419 1032 419 1040 415 1047 412 1066 415 1087 419 1088 419 1112 415 1113 402 1109 371 1084 379 1043 379 1028 372 1021 369 1020 369 1019 369 1018 369 1008 372 995 377 957 373 953 373 952 373 951 373 950 373 928 378 905 374 889 371 888 371 887 371 886 371 883 374 877 379 837 379 831 375 827 371 826 371 825 371 804 370 803 370 802 370 801 370 795 375 791 379 777 376 754 370 753 370 752 370 751 370 750 370 740 376 735 380 717 380 711 377 694 370 693 370 667 370 666 370 631 378 625 379 615 378 554 371 553 371 516 380 513 381 466 381 445 381 383 371 382 371 381 371 380 371 365 379 366 405"/></Shape>
            <String CONTENT="dantur intestina odia, fenestrâque ampla ad"
                    HPOS="365.0"
                    VPOS="369.0"
                    WIDTH="748.0"
                    HEIGHT="52.0"
                    WC="0.9904000000000001"></String>
          </TextLine>
          <TextLine ID="line_9"
                    TAGREFS="LT8"
                    BASELINE="367 445 1111 441" 
                    HPOS="366.0"
                    VPOS="410.0"
                    WIDTH="745.0"
                    HEIGHT="52.0">
            <Shape><Polygon POINTS="367 445 367 455 375 461 376 461 377 461 378 462 435 462 435 461 436 461 455 454 465 459 466 459 468 459 503 455 551 461 552 461 553 461 554 461 567 453 568 453 576 453 742 458 743 458 810 452 811 452 812 452 853 459 854 459 855 459 872 452 923 459 924 459 925 459 955 452 1090 458 1092 458 1093 458 1111 450 1111 441 1109 419 1070 413 1069 413 1068 413 1054 418 1054 419 978 419 978 418 967 410 966 410 965 410 964 410 913 411 912 411 886 418 882 420 804 420 801 418 786 411 785 411 784 411 747 418 736 420 727 418 708 413 707 413 706 413 705 413 704 413 696 418 695 419 692 418 679 413 678 413 677 413 676 413 664 418 662 419 660 418 652 412 651 412 650 412 622 412 621 412 620 412 619 412 610 418 607 420 603 418 590 412 589 412 588 412 587 412 565 418 551 421 525 418 490 413 489 413 440 414 439 414 432 418 425 421 366 418 367 445"/></Shape>
            <String CONTENT="nequitiam, &amp; ad necem ciuium miserè aperie¬"
                    HPOS="366.0"
                    VPOS="410.0"
                    WIDTH="745.0"
                    HEIGHT="52.0"
                    WC="0.9969857142857143"></String>
          </TextLine>
          <TextLine ID="line_10"
                    TAGREFS="LT8"
                    BASELINE="368 486 1110 483" 
                    HPOS="367.0"
                    VPOS="452.0"
                    WIDTH="743.0"
                    HEIGHT="49.0">
            <Shape><Polygon POINTS="368 486 368 495 414 501 415 501 443 496 451 495 504 496 647 501 648 501 649 501 650 501 654 497 659 494 764 494 770 498 770 499 771 499 772 499 773 499 774 499 777 498 795 494 817 499 831 501 832 501 851 499 879 495 885 499 886 500 887 500 888 500 889 500 915 499 1007 495 1108 500 1110 483 1108 459 1085 454 1084 454 1083 454 1082 454 1077 458 1075 460 986 460 978 458 954 453 953 453 920 457 919 457 892 452 891 452 890 452 879 457 875 459 855 457 823 453 822 453 797 456 772 460 763 456 753 452 752 452 663 452 662 452 661 452 650 455 639 459 628 455 622 454 621 454 620 454 619 454 618 454 617 455 608 461 568 455 566 455 565 455 561 455 489 461 471 454 466 453 465 453 464 453 454 454 413 460 367 454 368 486"/></Shape>
            <String CONTENT="tur: si enim rex pro libidine creatur, cum in quo"
                    HPOS="367.0"
                    VPOS="452.0"
                    WIDTH="743.0"
                    HEIGHT="49.0"
                    WC="0.9795200000000001"></String>
          </TextLine>
          <TextLine ID="line_11"
                    TAGREFS="LT8"
                    BASELINE="368 526 1108 522" 
                    HPOS="367.0"
                    VPOS="492.0"
                    WIDTH="741.0"
                    HEIGHT="53.0">
            <Shape><Polygon POINTS="368 526 368 535 404 543 405 543 454 536 484 544 485 544 486 545 549 545 549 544 550 544 551 544 561 536 563 535 670 535 672 536 683 543 684 543 685 543 686 543 711 538 760 542 761 542 762 542 785 536 790 535 798 536 837 542 838 542 892 536 922 533 951 536 989 541 990 541 1108 536 1108 522 1106 500 1050 500 1049 499 1038 492 1037 492 1036 492 1035 492 1034 492 1018 499 1017 500 912 500 871 498 768 492 767 492 766 492 754 497 749 499 724 497 679 493 678 493 677 493 669 497 661 500 640 496 618 493 617 493 594 496 551 502 367 495 368 526"/></Shape>
            <String CONTENT="libet regno multæ sint plebis partes: multi e¬"
                    HPOS="367.0"
                    VPOS="492.0"
                    WIDTH="741.0"
                    HEIGHT="53.0"
                    WC="0.9782375000000001"></String>
          </TextLine>
          <TextLine ID="line_12"
                    TAGREFS="LT8"
                    BASELINE="368 566 1106 564" 
                    HPOS="367.0"
                    VPOS="531.0"
                    WIDTH="739.0"
                    HEIGHT="52.0">
            <Shape><Polygon POINTS="368 566 368 575 402 583 403 583 404 583 427 576 428 576 459 576 460 576 477 583 478 583 479 583 513 577 517 576 519 577 534 583 535 583 536 583 537 583 560 577 565 576 596 577 709 583 710 583 711 583 727 578 738 575 749 579 759 582 760 582 761 582 777 579 796 575 808 579 816 582 817 582 818 582 860 579 927 575 948 580 955 582 956 582 957 582 958 582 959 582 961 580 966 576 975 580 979 582 980 582 981 582 1003 581 1066 576 1105 581 1106 564 1104 539 1079 533 1078 533 998 538 987 531 986 531 985 531 882 531 881 531 880 531 879 531 868 539 807 539 781 531 780 531 778 531 777 531 755 538 628 532 627 532 626 532 608 538 591 532 590 532 589 532 588 532 587 532 579 538 570 532 569 532 568 532 567 532 566 532 554 537 538 532 537 532 536 532 535 532 518 539 429 539 385 532 384 532 383 532 367 539 368 566"/></Shape>
            <String CONTENT="tiam erunt plebei reges, &amp; quodlibet regnum"
                    HPOS="367.0"
                    VPOS="531.0"
                    WIDTH="739.0"
                    HEIGHT="52.0"
                    WC="0.9981142857142857"></String>
          </TextLine>
          <TextLine ID="line_13"
                    TAGREFS="LT8"
                    BASELINE="368 605 1101 602" 
                    HPOS="367.0"
                    VPOS="571.0"
                    WIDTH="734.0"
                    HEIGHT="51.0">
            <Shape><Polygon POINTS="368 605 368 615 562 622 563 622 564 622 565 622 574 615 662 619 663 619 664 619 681 614 682 614 683 614 695 620 696 620 697 620 725 615 763 621 764 621 765 621 766 621 777 614 778 614 819 614 851 621 852 621 853 621 854 621 854 620 863 614 895 620 896 620 1007 614 1069 620 1070 620 1071 620 1101 612 1101 602 1099 581 994 581 976 571 975 571 960 571 959 571 958 571 957 571 945 580 898 574 897 574 851 582 758 582 742 572 741 572 740 572 714 572 713 572 712 572 711 572 700 580 685 572 684 572 683 572 644 579 612 572 611 572 610 572 593 581 578 573 577 573 576 573 534 581 519 573 518 573 517 573 473 580 462 573 461 573 460 573 393 573 392 573 391 573 367 582 368 605"/></Shape>
            <String CONTENT="multis regulis abundabit, verum regulus regu¬"
                    HPOS="367.0"
                    VPOS="571.0"
                    WIDTH="734.0"
                    HEIGHT="51.0"
                    WC="0.9962666666666666"></String>
          </TextLine>
          <TextLine ID="line_14"
                    TAGREFS="LT8"
                    BASELINE="369 646 1102 643" 
                    HPOS="369.0"
                    VPOS="611.0"
                    WIDTH="733.0"
                    HEIGHT="50.0">
            <Shape><Polygon POINTS="369 655 501 655 504 655 549 661 550 661 606 654 613 654 616 654 639 660 640 660 641 660 642 660 663 654 664 654 666 654 684 660 685 660 686 661 772 661 772 660 773 660 790 654 795 654 988 659 989 659 1023 654 1075 659 1076 659 1077 659 1102 652 1102 643 1100 617 1073 611 1072 611 1071 611 1070 611 1064 616 1060 620 1034 620 1026 616 1011 611 1010 611 1009 611 1008 611 1007 611 1007 612 1002 616 998 620 984 620 978 616 968 611 967 611 966 611 965 611 964 611 958 616 954 620 920 620 903 616 878 611 877 611 876 611 864 616 854 619 841 616 838 615 837 615 836 615 835 615 832 616 814 620 804 615 796 612 795 612 794 612 793 612 792 612 788 615 780 621 705 621 685 615 678 613 677 613 676 613 675 613 674 613 672 615 663 621 620 621 612 615 610 613 609 613 608 613 570 613 569 613 554 614 498 621 478 614 475 613 474 613 412 613 411 613 410 613 407 614 390 619 369 614 369 646 369 655"/></Shape>
            <String CONTENT="lo bello intestino, &amp; populo multum luctuoso"
                    HPOS="369.0"
                    VPOS="611.0"
                    WIDTH="733.0"
                    HEIGHT="50.0"
                    WC="0.9875285714285714"></String>
          </TextLine>
          <TextLine ID="line_15"
                    TAGREFS="LT8"
                    BASELINE="369 685 1102 682" 
                    HPOS="368.0"
                    VPOS="650.0"
                    WIDTH="734.0"
                    HEIGHT="53.0">
            <Shape><Polygon POINTS="369 685 369 696 463 696 465 696 492 703 493 703 494 703 528 696 544 703 546 703 547 703 579 697 594 703 595 703 596 703 597 703 617 695 619 695 620 695 641 702 642 702 643 702 644 702 665 695 667 695 692 695 693 695 700 701 700 702 702 702 703 702 704 702 776 695 786 702 787 702 788 702 789 703 848 703 848 702 849 702 871 694 872 694 874 694 891 701 892 701 893 701 894 701 913 695 922 701 923 701 924 701 925 702 1030 702 1030 701 1031 701 1052 694 1085 699 1086 699 1087 699 1102 693 1102 682 1100 660 1038 652 1037 652 1036 652 1018 659 1004 652 1003 652 1002 652 1001 652 987 659 987 660 948 660 947 659 922 650 921 650 920 650 919 650 890 659 889 659 879 650 878 650 877 650 876 650 875 650 854 659 851 661 750 661 747 659 733 652 732 652 731 652 730 652 715 658 706 651 705 651 704 651 703 651 646 656 640 651 639 651 638 651 637 651 636 651 635 651 627 658 625 660 620 658 605 652 604 652 568 652 567 652 566 652 565 652 557 658 554 660 538 658 510 654 509 654 508 654 507 654 502 658 501 659 499 658 491 652 490 652 489 652 488 652 368 657 369 685"/></Shape>
            <String CONTENT="insecteretur, funesta igitur populo hæc electio:"
                    HPOS="368.0"
                    VPOS="650.0"
                    WIDTH="734.0"
                    HEIGHT="53.0"
                    WC="0.9891"></String>
          </TextLine>
          <TextLine ID="line_16"
                    TAGREFS="LT8"
                    BASELINE="370 725 1100 725" 
                    HPOS="370.0"
                    VPOS="694.0"
                    WIDTH="730.0"
                    HEIGHT="50.0">
            <Shape><Polygon POINTS="370 725 370 739 402 743 403 743 404 743 410 740 418 736 468 736 485 740 496 743 497 743 498 743 499 743 500 743 500 742 503 740 508 736 526 740 531 741 532 741 544 740 603 736 612 741 615 742 616 742 617 742 625 741 647 736 667 741 675 743 676 743 677 744 760 744 760 743 761 743 766 742 784 736 790 742 791 742 791 743 792 743 793 743 794 744 815 744 815 743 816 743 820 742 839 736 846 742 847 743 848 743 849 743 850 744 896 744 896 743 897 743 899 742 920 736 983 742 984 742 985 742 1002 736 1019 743 1020 743 1021 743 1022 743 1023 743 1044 737 1056 743 1057 743 1058 744 1100 744 1100 725 1099 698 1006 701 998 697 994 694 993 694 992 694 963 694 962 694 961 694 954 697 943 701 909 697 887 694 886 694 885 694 876 697 860 702 790 702 775 696 768 694 767 694 766 694 737 696 676 701 669 696 667 694 666 694 665 694 664 694 663 694 657 696 639 702 586 702 577 695 575 694 574 694 573 694 551 694 550 694 542 695 516 701 468 695 456 694 455 694 454 694 450 695 429 701 419 695 418 694 417 694 416 694 415 694 414 694 412 695 404 699 370 695 370 725"/></Shape>
            <String CONTENT="funestum erit etiam populum equo animo regi"
                    HPOS="370.0"
                    VPOS="694.0"
                    WIDTH="730.0"
                    HEIGHT="50.0"
                    WC="0.9954571428571428"></String>
          </TextLine>
          <TextLine ID="line_17"
                    TAGREFS="LT8"
                    BASELINE="369 765 1097 762" 
                    HPOS="368.0"
                    VPOS="734.0"
                    WIDTH="729.0"
                    HEIGHT="47.0">
            <Shape><Polygon POINTS="369 765 369 776 520 781 521 781 558 776 559 776 597 781 598 781 650 780 651 780 652 780 657 775 659 775 676 780 677 780 678 780 762 775 766 775 769 775 834 780 835 780 926 774 936 774 947 774 1073 779 1074 779 1075 779 1097 773 1097 762 1095 742 1039 734 1038 734 1004 741 973 735 972 735 928 741 920 735 920 734 919 734 918 734 897 734 896 734 895 734 878 741 865 734 864 734 863 734 862 734 861 734 850 743 711 743 696 735 695 735 694 735 638 742 612 735 611 735 610 735 562 743 402 736 401 736 400 736 368 744 369 765"/></Shape>
            <String CONTENT="inseruite, cum hæc vltima conclusio immedia¬"
                    HPOS="368.0"
                    VPOS="734.0"
                    WIDTH="729.0"
                    HEIGHT="47.0"
                    WC="0.9935166666666666"></String>
          </TextLine>
          <TextLine ID="line_18"
                    TAGREFS="LT8"
                    BASELINE="370 807 1104 804" 
                    HPOS="369.0"
                    VPOS="771.0"
                    WIDTH="735.0"
                    HEIGHT="52.0">
            <Shape><Polygon POINTS="370 807 371 823 395 817 423 823 427 823 428 823 432 823 455 818 488 822 500 823 501 823 502 823 505 822 516 817 546 821 560 823 561 823 562 823 563 823 565 821 571 817 592 821 597 821 598 821 603 820 626 816 667 816 672 820 674 822 675 822 676 822 677 823 703 823 703 822 704 822 705 822 708 819 713 816 754 819 808 822 809 822 810 822 823 818 830 816 837 818 855 822 856 822 858 822 859 822 876 817 883 815 887 817 893 821 894 821 895 821 896 822 969 822 969 821 970 821 971 821 979 816 981 815 996 816 1080 821 1081 821 1082 821 1104 814 1104 804 1102 779 950 771 949 771 918 778 896 771 895 771 894 771 856 779 776 772 775 772 774 772 755 779 735 772 734 772 733 772 673 779 662 772 661 772 660 772 659 772 609 780 527 773 526 773 525 773 524 773 514 780 466 775 465 775 433 780 425 774 425 773 424 773 423 773 384 773 383 773 382 773 381 773 369 779 370 807"/></Shape>
            <String CONTENT="tè à propofitione altera deriuetur. Ferũt Alexan"
                    HPOS="369.0"
                    VPOS="771.0"
                    WIDTH="735.0"
                    HEIGHT="52.0"
                    WC="0.9945857142857143"></String>
          </TextLine>
          <TextLine ID="line_19"
                    TAGREFS="LT8"
                    BASELINE="370 846 1106 844" 
                    HPOS="369.0"
                    VPOS="814.0"
                    WIDTH="737.0"
                    HEIGHT="43.0">
            <Shape><Polygon POINTS="370 846 370 857 1105 855 1106 844 1103 818 1026 821 1020 817 1017 815 1016 815 1015 815 1014 815 1012 815 1007 817 999 821 989 817 980 814 979 814 978 814 977 814 976 814 973 817 967 821 924 817 910 816 909 816 908 816 907 816 906 817 901 822 865 822 855 817 853 816 852 816 851 816 850 816 847 817 835 821 827 817 821 814 820 814 819 814 803 817 778 821 759 817 747 814 746 814 745 814 739 817 727 823 662 823 643 816 638 815 637 815 636 815 621 816 571 822 560 816 558 815 557 815 501 815 500 815 499 815 498 815 497 816 489 823 466 823 450 816 448 815 447 815 446 815 445 815 443 816 428 822 369 816 370 846"/></Shape>
            <String CONTENT="drum cœlum quidem intuentem, mundo tamẽ"
                    HPOS="369.0"
                    VPOS="814.0"
                    WIDTH="737.0"
                    HEIGHT="43.0"
                    WC="0.9941"></String>
          </TextLine>
          <TextLine ID="line_20"
                    TAGREFS="LT8"
                    BASELINE="369 886 1107 886" 
                    HPOS="369.0"
                    VPOS="854.0"
                    WIDTH="738.0"
                    HEIGHT="50.0">
            <Shape><Polygon POINTS="369 886 369 897 407 903 408 904 525 904 525 903 526 903 544 899 549 898 559 899 601 903 602 903 603 903 604 903 608 899 610 898 636 899 699 903 700 903 731 900 751 898 773 900 799 903 800 903 817 901 834 898 1106 902 1107 886 1107 863 1068 857 1067 857 1066 857 1065 857 1059 862 1053 857 1052 857 1051 857 1050 857 987 862 977 854 976 854 975 854 974 854 933 862 898 857 897 857 861 862 848 854 847 854 846 854 845 854 817 860 804 854 803 854 700 854 699 854 698 854 697 854 686 861 660 854 659 854 658 854 657 854 640 863 596 863 575 854 574 854 573 854 532 862 509 854 508 854 507 854 506 854 505 854 495 863 477 863 449 854 448 854 447 854 446 854 424 863 369 863 369 886"/></Shape>
            <String CONTENT="magis inhiantem dixisse solitum: vt cœlum non"
                    HPOS="369.0"
                    VPOS="854.0"
                    WIDTH="738.0"
                    HEIGHT="50.0"
                    WC="0.9883714285714286"></String>
          </TextLine>
          <TextLine ID="line_21"
                    TAGREFS="LT8"
                    BASELINE="372 928 1106 924" 
                    HPOS="371.0"
                    VPOS="892.0"
                    WIDTH="735.0"
                    HEIGHT="53.0">
            <Shape><Polygon POINTS="372 928 372 945 407 939 538 939 551 944 552 944 553 944 554 944 555 944 557 944 580 938 625 943 637 944 638 944 639 944 644 943 664 938 687 942 697 944 698 944 713 942 748 937 770 942 774 942 775 942 783 942 814 938 819 941 821 943 822 943 823 943 824 943 843 941 876 937 891 941 902 943 903 943 904 943 948 942 949 942 950 942 953 940 960 936 982 940 998 942 999 942 1106 938 1106 924 1103 899 1074 900 1066 899 1037 892 1036 892 1035 892 1018 899 1012 901 917 901 913 899 909 896 908 896 907 896 906 896 905 896 895 899 887 901 882 899 871 893 870 893 869 893 832 899 818 901 806 899 775 893 774 893 726 894 725 894 724 894 718 899 713 903 687 903 683 899 677 894 676 894 675 894 674 894 673 894 659 899 651 902 643 899 629 894 628 894 627 894 602 899 589 902 582 899 571 894 570 894 569 894 498 895 497 895 496 895 491 899 486 903 371 900 372 928"/></Shape>
            <String CONTENT="patitur se sole duplice lustrari, sic regnum duos"
                    HPOS="371.0"
                    VPOS="892.0"
                    WIDTH="735.0"
                    HEIGHT="53.0"
                    WC="0.9901625000000001"></String>
          </TextLine>
          <TextLine ID="line_22"
                    TAGREFS="LT8"
                    BASELINE="370 968 1104 965" 
                    HPOS="369.0"
                    VPOS="933.0"
                    WIDTH="735.0"
                    HEIGHT="52.0">
            <Shape><Polygon POINTS="370 968 370 978 393 978 395 978 405 985 406 985 407 985 408 985 457 978 462 978 469 978 552 985 553 985 554 985 575 978 597 984 598 984 599 984 600 984 601 984 609 979 683 984 684 984 685 984 698 977 700 977 788 977 789 977 795 982 796 982 797 982 798 982 818 978 858 984 859 984 899 983 900 983 901 983 908 977 1030 983 1031 983 1032 983 1033 983 1044 976 1103 975 1104 965 1102 942 956 933 955 933 954 933 953 933 939 942 911 942 884 933 883 933 882 933 881 933 856 943 823 943 813 934 812 934 811 934 810 934 809 934 808 934 795 943 757 943 741 934 740 934 668 934 667 934 666 934 639 942 615 934 614 934 613 934 565 943 415 935 414 935 413 935 412 935 402 944 369 944 370 968"/></Shape>
            <String CONTENT="reges nunquam passurum. Augustus Cæsar an¬"
                    HPOS="369.0"
                    VPOS="933.0"
                    WIDTH="735.0"
                    HEIGHT="52.0"
                    WC="0.9890833333333333"></String>
          </TextLine>
          <TextLine ID="line_23"
                    TAGREFS="LT8"
                    BASELINE="370 1007 1105 1005" 
                    HPOS="369.0"
                    VPOS="977.0"
                    WIDTH="736.0"
                    HEIGHT="46.0">
            <Shape><Polygon POINTS="370 1007 370 1018 458 1023 459 1023 460 1023 476 1018 480 1017 567 1017 569 1018 581 1023 582 1023 583 1023 584 1023 603 1017 606 1017 624 1017 710 1021 711 1021 741 1017 749 1016 751 1017 763 1022 764 1022 765 1022 766 1022 767 1022 776 1017 778 1016 831 1016 832 1016 838 1021 839 1021 840 1021 841 1021 879 1017 906 1022 907 1022 908 1022 921 1016 922 1016 944 1022 945 1022 946 1022 947 1022 948 1022 958 1016 975 1022 976 1022 977 1023 1089 1023 1089 1022 1090 1022 1105 1015 1105 1005 1103 984 1035 979 1034 979 959 983 955 983 948 977 947 977 946 977 945 977 895 982 865 978 864 978 863 978 862 978 856 983 855 983 832 977 831 977 830 977 686 978 685 978 684 978 677 982 673 984 613 982 490 978 489 978 369 981 370 1007"/></Shape>
            <String CONTENT="tiquitus cæteros non solum dicam sui temporis"
                    HPOS="369.0"
                    VPOS="977.0"
                    WIDTH="736.0"
                    HEIGHT="46.0"
                    WC="0.9909285714285714"></String>
          </TextLine>
          <TextLine ID="line_24"
                    TAGREFS="LT8"
                    BASELINE="373 1048 1104 1048" 
                    HPOS="373.0"
                    VPOS="1015.0"
                    WIDTH="731.0"
                    HEIGHT="47.0">
            <Shape><Polygon POINTS="373 1048 373 1057 1103 1062 1104 1048 1104 1024 1051 1016 1050 1016 1049 1016 1031 1023 1031 1024 987 1024 987 1023 969 1015 968 1015 967 1015 938 1020 908 1015 907 1015 906 1015 890 1023 890 1024 874 1024 874 1023 865 1016 865 1015 864 1015 863 1015 862 1015 832 1020 775 1015 774 1015 773 1015 757 1023 755 1023 710 1016 709 1016 708 1016 707 1016 707 1017 699 1023 698 1024 650 1024 649 1023 626 1015 625 1015 598 1015 597 1015 596 1015 595 1015 584 1023 583 1023 559 1016 558 1016 557 1016 556 1016 533 1023 531 1024 460 1024 459 1023 445 1016 444 1016 443 1016 442 1016 426 1023 424 1023 373 1023 373 1048"/></Shape>
            <String CONTENT="verumetiam alterius cuiusuis seculi clementia,"
                    HPOS="373.0"
                    VPOS="1015.0"
                    WIDTH="731.0"
                    HEIGHT="47.0"
                    WC="0.9992"></String>
          </TextLine>
          <TextLine ID="line_25"
                    TAGREFS="LT8"
                    BASELINE="373 1088 1107 1086" 
                    HPOS="372.0"
                    VPOS="1054.0"
                    WIDTH="735.0"
                    HEIGHT="45.0">
            <Shape><Polygon POINTS="373 1088 373 1098 1105 1099 1107 1086 1105 1062 968 1054 967 1054 966 1054 965 1054 954 1062 953 1063 769 1063 769 1062 740 1054 739 1054 738 1054 737 1054 714 1063 712 1063 710 1063 682 1055 681 1055 631 1055 630 1055 629 1055 628 1055 617 1063 616 1064 558 1064 557 1063 551 1058 550 1058 549 1058 548 1058 522 1063 521 1063 520 1063 495 1055 494 1055 422 1055 421 1055 372 1063 373 1088"/></Shape>
            <String CONTENT="&amp; facilitate morũ superauit:is tamen Cæsarum"
                    HPOS="372.0"
                    VPOS="1054.0"
                    WIDTH="735.0"
                    HEIGHT="45.0"
                    WC="0.9995166666666666"></String>
          </TextLine>
          <TextLine ID="line_26"
                    TAGREFS="LT8"
                    BASELINE="372 1126 1107 1128" 
                    HPOS="372.0"
                    VPOS="1094.0"
                    WIDTH="735.0"
                    HEIGHT="47.0">
            <Shape><Polygon POINTS="372 1126 372 1141 1106 1139 1107 1128 1107 1103 1065 1103 1065 1102 1057 1096 1057 1095 1056 1095 1055 1095 952 1095 951 1095 950 1095 925 1102 924 1102 903 1095 902 1095 846 1095 845 1095 844 1095 832 1102 831 1102 824 1102 772 1097 771 1097 770 1097 753 1102 750 1102 747 1102 718 1094 717 1094 692 1094 691 1094 690 1094 689 1094 680 1101 628 1097 627 1097 542 1101 534 1101 533 1101 522 1094 521 1094 520 1094 519 1094 518 1094 495 1101 493 1102 449 1102 448 1101 436 1095 435 1095 434 1095 433 1095 422 1101 421 1101 372 1101 372 1126"/></Shape>
            <String CONTENT="multitudinem improbans, crudeliter Cæsarium"
                    HPOS="372.0"
                    VPOS="1094.0"
                    WIDTH="735.0"
                    HEIGHT="47.0"
                    WC="0.9967"></String>
          </TextLine>
          <TextLine ID="line_27"
                    TAGREFS="LT8"
                    BASELINE="373 1167 1106 1167" 
                    HPOS="373.0"
                    VPOS="1135.0"
                    WIDTH="733.0"
                    HEIGHT="48.0">
            <Shape><Polygon POINTS="373 1167 373 1178 422 1178 430 1183 431 1183 432 1183 433 1183 493 1178 575 1183 576 1183 602 1178 1004 1183 1005 1183 1006 1183 1029 1178 1072 1183 1073 1183 1105 1177 1106 1167 1106 1144 1094 1138 1093 1138 1092 1138 1090 1138 1089 1138 1083 1143 1052 1142 1043 1135 1042 1135 1041 1135 984 1135 983 1135 982 1135 981 1135 971 1142 963 1136 962 1136 961 1136 960 1136 959 1136 958 1136 958 1137 952 1142 950 1143 942 1142 915 1138 914 1138 913 1138 912 1138 908 1141 905 1144 821 1144 817 1140 811 1135 810 1135 809 1135 781 1135 780 1135 778 1135 766 1140 756 1144 662 1144 648 1138 639 1135 638 1135 637 1135 636 1135 627 1138 609 1143 597 1137 592 1135 591 1135 590 1135 589 1135 584 1137 571 1144 538 1144 526 1136 524 1135 523 1135 522 1135 465 1135 464 1135 463 1135 462 1135 462 1136 452 1142 443 1136 442 1136 441 1136 373 1135 373 1167"/></Shape>
            <String CONTENT="Iulij Cæsaris &amp; cleopatræ filium necari iussit, vt"
                    HPOS="373.0"
                    VPOS="1135.0"
                    WIDTH="733.0"
                    HEIGHT="48.0"
                    WC="0.9938"></String>
          </TextLine>
          <TextLine ID="line_28"
                    TAGREFS="LT8"
                    BASELINE="373 1208 1103 1208" 
                    HPOS="373.0"
                    VPOS="1174.0"
                    WIDTH="730.0"
                    HEIGHT="50.0">
            <Shape><Polygon POINTS="373 1208 373 1220 457 1224 458 1224 459 1224 460 1224 466 1220 469 1219 470 1220 476 1224 477 1224 478 1224 479 1224 499 1220 510 1218 524 1220 553 1224 554 1224 598 1220 616 1218 636 1219 689 1224 690 1224 691 1224 712 1219 718 1218 723 1219 745 1224 746 1224 816 1219 830 1218 848 1219 959 1224 960 1224 961 1224 962 1224 972 1218 973 1218 1050 1218 1062 1223 1063 1223 1064 1223 1103 1217 1103 1208 1103 1183 996 1183 980 1174 979 1174 932 1174 931 1174 894 1182 879 1174 878 1174 877 1174 833 1182 823 1174 822 1174 821 1174 820 1174 819 1174 818 1174 805 1183 784 1183 772 1174 771 1174 770 1174 753 1174 752 1174 751 1174 720 1182 710 1174 709 1174 708 1174 707 1174 706 1174 705 1174 693 1182 657 1177 656 1177 655 1177 654 1177 646 1182 625 1174 624 1174 622 1174 621 1174 620 1174 608 1183 551 1183 541 1175 540 1175 539 1175 483 1174 482 1174 430 1182 418 1174 417 1174 416 1174 388 1174 387 1174 386 1174 385 1174 373 1181 373 1208"/></Shape>
            <String CONTENT="est apud Plutarch. in Anthonio. Quid si inter re¬"
                    HPOS="373.0"
                    VPOS="1174.0"
                    WIDTH="730.0"
                    HEIGHT="50.0"
                    WC="0.9500666666666666"></String>
          </TextLine>
          <TextLine ID="line_29"
                    TAGREFS="LT8"
                    BASELINE="374 1248 1103 1248" 
                    HPOS="374.0"
                    VPOS="1217.0"
                    WIDTH="729.0"
                    HEIGHT="52.0">
            <Shape><Polygon POINTS="374 1269 409 1269 409 1267 410 1267 411 1267 420 1260 493 1260 500 1265 501 1265 502 1265 503 1265 584 1260 601 1265 608 1267 609 1267 610 1267 611 1267 619 1265 638 1260 660 1260 665 1264 668 1266 668 1267 669 1267 670 1267 671 1267 686 1264 700 1261 706 1264 711 1267 712 1267 713 1267 714 1267 731 1264 744 1261 754 1263 767 1267 768 1267 769 1267 770 1267 778 1263 781 1262 782 1263 786 1267 787 1267 788 1267 789 1269 895 1269 895 1267 896 1267 916 1262 923 1260 993 1260 995 1261 1002 1267 1003 1267 1004 1267 1005 1269 1037 1269 1037 1267 1038 1267 1039 1267 1039 1266 1046 1260 1047 1260 1103 1260 1103 1248 1103 1221 1069 1217 1068 1217 1067 1217 1056 1220 1043 1224 1019 1220 996 1217 995 1217 994 1217 993 1217 989 1220 983 1224 974 1220 966 1217 965 1217 964 1217 963 1217 955 1220 947 1224 938 1220 929 1217 928 1217 927 1217 906 1220 880 1224 862 1220 847 1217 846 1217 845 1217 836 1220 824 1224 784 1220 754 1217 753 1217 752 1217 751 1217 747 1220 740 1225 699 1225 667 1220 647 1217 646 1217 645 1217 644 1217 644 1218 642 1219 636 1225 568 1225 555 1219 549 1217 548 1217 547 1217 546 1217 539 1219 525 1225 453 1225 442 1219 438 1217 437 1217 436 1217 435 1217 430 1219 419 1225 387 1225 375 1219 374 1248 374 1269"/></Shape>
            <String CONTENT="ges humanior, quid populares, &amp; plebei reges fe"
                    HPOS="374.0"
                    VPOS="1217.0"
                    WIDTH="729.0"
                    HEIGHT="52.0"
                    WC="0.9842375"></String>
          </TextLine>
          <TextLine ID="line_30"
                    TAGREFS="LT8"
                    BASELINE="371 1288 1103 1288" 
                    HPOS="371.0"
                    VPOS="1257.0"
                    WIDTH="732.0"
                    HEIGHT="48.0">
            <Shape><Polygon POINTS="371 1288 371 1297 426 1303 427 1303 457 1298 466 1305 468 1305 469 1305 470 1305 529 1298 553 1305 554 1305 555 1305 586 1298 654 1304 655 1304 693 1300 699 1305 700 1305 702 1305 703 1305 704 1305 716 1299 793 1305 794 1305 947 1298 948 1298 949 1298 960 1305 961 1305 962 1305 963 1305 1035 1298 1036 1298 1038 1298 1094 1304 1095 1304 1096 1304 1097 1304 1103 1299 1103 1288 1103 1261 1083 1257 1082 1257 1081 1257 1080 1257 1076 1261 1071 1265 1021 1265 1011 1261 1006 1259 1005 1259 1004 1259 1003 1259 997 1261 985 1265 977 1261 969 1257 968 1257 967 1257 966 1257 958 1261 951 1265 937 1261 928 1259 927 1259 926 1259 925 1259 920 1261 911 1266 872 1266 856 1262 838 1257 837 1257 836 1257 835 1257 824 1262 818 1265 777 1265 767 1262 752 1257 751 1257 750 1257 749 1257 748 1257 742 1262 738 1266 724 1266 714 1262 697 1257 696 1257 695 1257 694 1257 683 1262 678 1265 675 1262 669 1257 668 1257 667 1257 666 1257 634 1262 624 1264 615 1263 589 1257 588 1257 587 1257 569 1263 562 1265 559 1263 552 1257 551 1257 550 1257 451 1257 450 1257 449 1257 436 1263 432 1265 428 1263 419 1260 418 1260 417 1260 371 1263 371 1288"/></Shape>
            <String CONTENT="cerint? Plenæ sunt historiæ, plena antiquorum"
                    HPOS="371.0"
                    VPOS="1257.0"
                    WIDTH="732.0"
                    HEIGHT="48.0"
                    WC="0.9971833333333333"></String>
          </TextLine>
          <TextLine ID="line_31"
                    TAGREFS="LT8"
                    BASELINE="372 1327 1105 1327" 
                    HPOS="372.0"
                    VPOS="1298.0"
                    WIDTH="733.0"
                    HEIGHT="47.0">
            <Shape><Polygon POINTS="372 1327 372 1342 484 1339 488 1342 490 1344 491 1344 492 1344 493 1345 571 1345 571 1344 572 1344 578 1341 584 1339 619 1341 665 1344 666 1344 667 1344 677 1341 683 1339 696 1341 720 1344 721 1344 742 1340 752 1339 768 1340 807 1344 808 1344 809 1344 821 1340 825 1339 833 1340 862 1344 863 1344 864 1344 879 1340 882 1339 883 1340 888 1344 889 1344 890 1344 891 1345 955 1345 955 1344 956 1344 967 1339 968 1339 1040 1339 1041 1339 1064 1344 1065 1344 1104 1338 1105 1327 1104 1306 1066 1305 1057 1298 1056 1298 1055 1298 1006 1298 1005 1298 1004 1298 1003 1298 995 1305 970 1298 969 1298 968 1298 967 1298 944 1304 867 1298 866 1298 865 1298 845 1304 842 1306 810 1306 808 1304 795 1298 794 1298 793 1298 754 1304 746 1305 741 1304 721 1298 720 1298 719 1298 718 1298 699 1304 695 1305 692 1304 684 1300 683 1300 682 1300 657 1304 647 1305 645 1304 638 1298 637 1298 636 1298 635 1298 634 1298 614 1304 608 1306 574 1306 571 1303 566 1299 565 1299 564 1299 563 1299 543 1303 534 1305 524 1303 504 1299 503 1299 470 1303 450 1305 444 1303 437 1300 436 1300 435 1300 372 1302 372 1327"/></Shape>
            <String CONTENT="mouumenta, extant &amp; regum aliorum ab hu¬"
                    HPOS="372.0"
                    VPOS="1298.0"
                    WIDTH="733.0"
                    HEIGHT="47.0"
                    WC="0.9969142857142858"></String>
          </TextLine>
          <TextLine ID="line_32"
                    TAGREFS="LT8"
                    BASELINE="372 1369 1107 1367" 
                    HPOS="371.0"
                    VPOS="1336.0"
                    WIDTH="736.0"
                    HEIGHT="45.0">
            <Shape><Polygon POINTS="372 1369 372 1381 1106 1379 1107 1367 1105 1336 1049 1336 1048 1336 1047 1336 1046 1336 1028 1342 1010 1337 1008 1336 1007 1336 1006 1336 948 1337 947 1337 946 1337 939 1342 918 1338 914 1337 913 1337 903 1338 864 1342 855 1338 850 1336 849 1336 848 1336 809 1339 762 1342 752 1339 740 1336 739 1336 738 1336 737 1336 736 1336 732 1340 726 1344 699 1344 694 1340 691 1337 690 1337 689 1337 688 1337 631 1341 592 1343 585 1341 571 1337 570 1337 509 1337 508 1337 507 1337 491 1342 487 1344 371 1344 372 1369"/></Shape>
            <String CONTENT="manitate aliena multa facinora : quid si reguli"
                    HPOS="371.0"
                    VPOS="1336.0"
                    WIDTH="736.0"
                    HEIGHT="45.0"
                    WC="0.9919375"></String>
          </TextLine>
          <TextLine ID="line_33"
                    TAGREFS="LT8"
                    BASELINE="372 1408 1105 1406" 
                    HPOS="371.0"
                    VPOS="1375.0"
                    WIDTH="734.0"
                    HEIGHT="53.0">
            <Shape><Polygon POINTS="372 1408 372 1428 419 1419 617 1424 704 1427 705 1427 724 1423 745 1418 849 1418 861 1421 875 1425 876 1425 877 1425 919 1420 922 1420 923 1420 938 1425 939 1425 940 1425 975 1419 984 1418 987 1419 998 1424 999 1424 1000 1424 1001 1424 1002 1424 1009 1419 1010 1418 1015 1419 1047 1425 1048 1425 1104 1417 1105 1406 1103 1385 1033 1385 1001 1376 1000 1376 999 1376 959 1385 888 1385 875 1375 874 1375 873 1375 872 1375 824 1383 812 1375 811 1375 810 1375 738 1375 737 1375 713 1376 712 1376 711 1376 699 1385 698 1386 580 1386 580 1385 558 1376 557 1376 497 1376 496 1376 495 1376 474 1383 460 1376 459 1376 412 1376 411 1376 410 1376 409 1376 398 1385 371 1385 372 1408"/></Shape>
            <String CONTENT="in suos sæuiunt, quo liberè videantur sibi re¬"
                    HPOS="371.0"
                    VPOS="1375.0"
                    WIDTH="734.0"
                    HEIGHT="53.0"
                    WC="0.9992875"></String>
          </TextLine>
          <TextLine ID="line_34"
                    TAGREFS="LT8"
                    BASELINE="375 1449 1106 1447" 
                    HPOS="374.0"
                    VPOS="1416.0"
                    WIDTH="732.0"
                    HEIGHT="51.0">
            <Shape><Polygon POINTS="375 1449 375 1459 429 1459 443 1466 444 1466 445 1466 446 1466 447 1466 458 1459 478 1459 491 1467 492 1467 493 1467 494 1467 495 1467 528 1459 556 1464 557 1464 558 1464 571 1459 590 1467 591 1467 592 1467 593 1467 594 1467 602 1462 635 1467 636 1467 693 1459 738 1467 739 1467 740 1467 756 1458 791 1458 837 1466 838 1466 875 1459 899 1466 900 1466 901 1467 1080 1467 1080 1466 1081 1466 1106 1456 1106 1447 1104 1416 1055 1416 1054 1416 1053 1416 1039 1422 1029 1416 1028 1416 1027 1416 965 1416 964 1416 959 1417 931 1424 877 1424 868 1417 867 1416 866 1416 865 1416 864 1416 863 1416 856 1418 839 1423 832 1418 830 1416 829 1416 828 1416 827 1416 803 1418 738 1425 618 1425 602 1420 593 1417 592 1417 591 1417 590 1417 580 1420 565 1424 548 1420 533 1417 532 1417 531 1417 521 1420 510 1425 463 1425 457 1421 451 1417 450 1417 449 1417 448 1417 447 1417 435 1421 426 1424 417 1421 403 1417 402 1417 401 1417 374 1421 375 1449"/></Shape>
            <String CONTENT="gnare, quos in exteros putatis fore? quid si tales"
                    HPOS="374.0"
                    VPOS="1416.0"
                    WIDTH="732.0"
                    HEIGHT="51.0"
                    WC="0.9865"></String>
          </TextLine>
          <TextLine ID="line_35"
                    TAGREFS="LT8"
                    BASELINE="373 1489 1104 1486" 
                    HPOS="372.0"
                    VPOS="1458.0"
                    WIDTH="732.0"
                    HEIGHT="46.0">
            <Shape><Polygon POINTS="373 1489 374 1504 391 1499 411 1504 414 1504 415 1504 419 1504 447 1499 503 1503 527 1504 528 1504 529 1504 535 1502 547 1499 557 1502 563 1504 564 1504 565 1504 566 1504 567 1504 569 1502 574 1499 598 1502 614 1503 615 1503 631 1501 654 1498 667 1501 678 1503 679 1503 692 1500 706 1498 751 1500 832 1503 833 1503 890 1498 906 1497 932 1497 1073 1502 1074 1502 1104 1495 1104 1486 1101 1462 914 1465 911 1463 906 1459 905 1459 904 1459 865 1458 864 1458 863 1458 862 1458 854 1464 853 1464 851 1464 840 1460 839 1460 838 1460 837 1460 822 1464 812 1466 801 1464 774 1459 773 1459 738 1464 727 1466 721 1465 699 1459 698 1459 697 1459 664 1465 663 1465 662 1465 641 1459 640 1459 639 1459 591 1466 580 1467 573 1466 543 1460 542 1460 478 1466 471 1460 470 1460 469 1460 442 1460 441 1460 372 1467 373 1489"/></Shape>
            <String CONTENT="domi, quales erunt foris? Romulus non proin¬"
                    HPOS="372.0"
                    VPOS="1458.0"
                    WIDTH="732.0"
                    HEIGHT="46.0"
                    WC="0.9871571428571428"></String>
          </TextLine>
          <TextLine ID="line_36"
                    TAGREFS="LT8"
                    BASELINE="373 1527 1103 1530" 
                    HPOS="372.0"
                    VPOS="1495.0"
                    WIDTH="731.0"
                    HEIGHT="51.0">
            <Shape><Polygon POINTS="373 1527 372 1538 457 1544 458 1544 588 1541 633 1540 636 1541 640 1545 641 1545 642 1545 643 1545 644 1545 651 1541 654 1540 686 1542 737 1545 738 1545 755 1543 771 1540 776 1543 778 1545 780 1545 781 1545 782 1545 839 1544 929 1541 936 1545 938 1546 939 1546 940 1546 941 1546 942 1546 943 1546 944 1545 950 1541 975 1545 984 1546 985 1546 1003 1545 1078 1541 1100 1546 1103 1530 1103 1507 1076 1497 1075 1497 1074 1497 1073 1497 1060 1503 1039 1497 1038 1497 977 1497 976 1497 910 1504 886 1497 885 1497 884 1497 883 1497 865 1506 863 1506 813 1506 812 1504 796 1496 795 1496 794 1496 676 1504 669 1504 668 1504 659 1497 658 1497 657 1497 656 1497 615 1501 608 1495 607 1495 606 1495 605 1495 570 1503 570 1504 510 1504 509 1503 485 1495 484 1495 483 1495 482 1495 481 1495 468 1503 465 1503 432 1498 431 1498 430 1498 420 1502 407 1495 406 1495 405 1495 373 1502 373 1527"/></Shape>
            <String CONTENT="de credo, quòd Remus saltu inchoatæ Romæ"
                    HPOS="372.0"
                    VPOS="1495.0"
                    WIDTH="731.0"
                    HEIGHT="51.0"
                    WC="0.9934714285714286"></String>
          </TextLine>
          <TextLine ID="line_37"
                    TAGREFS="LT8"
                    BASELINE="373 1566 1099 1570" 
                    HPOS="372.0"
                    VPOS="1535.0"
                    WIDTH="727.0"
                    HEIGHT="51.0">
            <Shape><Polygon POINTS="373 1566 372 1575 387 1581 388 1581 390 1581 488 1577 516 1582 517 1582 548 1577 577 1583 578 1583 704 1578 710 1583 711 1583 712 1583 713 1583 763 1579 769 1584 770 1584 771 1584 772 1586 862 1586 862 1584 911 1579 920 1586 921 1586 922 1586 923 1586 1098 1579 1099 1570 1098 1545 1058 1538 1057 1538 1056 1538 1038 1544 1033 1546 1023 1544 1003 1541 1002 1541 1001 1541 989 1544 982 1546 980 1544 973 1538 972 1538 971 1538 948 1538 947 1538 946 1538 925 1544 917 1546 907 1544 873 1537 872 1537 871 1537 852 1544 849 1545 845 1544 829 1537 828 1537 827 1537 826 1537 812 1544 810 1545 807 1544 794 1537 793 1537 792 1537 791 1537 773 1544 769 1545 766 1544 759 1540 758 1540 757 1540 756 1540 743 1544 736 1545 720 1543 653 1536 652 1536 651 1536 628 1543 625 1544 624 1543 615 1536 614 1536 613 1536 591 1536 590 1536 589 1536 588 1536 579 1543 577 1545 556 1545 526 1544 525 1543 512 1535 511 1535 510 1535 473 1535 472 1535 471 1535 456 1543 455 1543 450 1543 413 1538 412 1538 411 1538 410 1538 405 1543 404 1543 373 1543 373 1566"/></Shape>
            <String CONTENT="muros superasset, sed quod annuis vicibus inde"
                    HPOS="372.0"
                    VPOS="1535.0"
                    WIDTH="727.0"
                    HEIGHT="51.0"
                    WC="0.9923285714285714"></String>
          </TextLine>
          <TextLine ID="line_38"
                    TAGREFS="LT8"
                    BASELINE="373 1607 1099 1610" 
                    HPOS="372.0"
                    VPOS="1577.0"
                    WIDTH="727.0"
                    HEIGHT="50.0">
            <Shape><Polygon POINTS="373 1607 372 1616 402 1624 403 1624 404 1624 434 1618 446 1624 447 1624 448 1624 533 1619 549 1618 562 1619 615 1625 616 1625 617 1625 630 1620 640 1625 641 1625 642 1625 682 1621 692 1620 694 1621 700 1625 702 1625 703 1625 704 1625 705 1625 716 1621 723 1619 730 1621 740 1625 741 1625 742 1625 743 1625 756 1622 765 1620 797 1622 833 1625 834 1625 835 1625 836 1625 839 1623 846 1619 853 1623 860 1626 861 1626 862 1627 899 1627 899 1626 900 1626 901 1626 903 1624 909 1620 1097 1626 1099 1610 1098 1588 1021 1588 1019 1587 996 1579 995 1579 994 1579 945 1586 938 1587 930 1586 902 1581 901 1581 872 1586 864 1587 863 1586 858 1581 858 1580 856 1580 855 1580 854 1580 853 1580 852 1580 845 1586 844 1586 828 1580 827 1580 826 1580 796 1584 790 1586 788 1584 773 1578 772 1578 735 1578 734 1578 733 1578 732 1578 725 1584 723 1586 708 1584 646 1578 645 1578 644 1578 643 1578 643 1579 637 1583 635 1587 616 1587 608 1583 585 1577 584 1577 583 1577 582 1577 568 1583 564 1586 534 1586 531 1583 522 1577 521 1577 520 1577 519 1577 489 1582 479 1577 478 1577 477 1577 476 1577 464 1582 460 1584 453 1582 439 1578 438 1578 437 1578 436 1578 428 1582 424 1584 373 1582 373 1607"/></Shape>
            <String CONTENT="corum sibi cum fratre Romæ regnare duceret,"
                    HPOS="372.0"
                    VPOS="1577.0"
                    WIDTH="727.0"
                    HEIGHT="50.0"
                    WC="0.9649714285714286"></String>
          </TextLine>
          <TextLine ID="line_39"
                    TAGREFS="LT8"
                    BASELINE="374 1647 1105 1650" 
                    HPOS="373.0"
                    VPOS="1616.0"
                    WIDTH="732.0"
                    HEIGHT="50.0">
            <Shape><Polygon POINTS="374 1647 373 1657 393 1663 394 1663 395 1663 396 1663 413 1658 434 1663 435 1663 436 1663 577 1658 587 1658 589 1658 618 1665 619 1665 648 1659 654 1665 655 1665 656 1665 657 1665 730 1659 841 1665 842 1665 843 1665 861 1659 862 1659 863 1659 896 1666 897 1666 1104 1659 1105 1650 1105 1625 1003 1619 1002 1619 983 1623 979 1624 977 1623 972 1618 971 1618 970 1618 969 1618 944 1623 934 1624 930 1622 920 1618 919 1618 918 1618 917 1618 902 1622 894 1624 844 1624 841 1621 837 1618 836 1618 835 1618 834 1618 810 1621 793 1623 790 1621 786 1617 785 1617 784 1617 783 1617 782 1617 772 1620 766 1623 760 1620 753 1617 752 1617 751 1617 750 1617 740 1620 732 1622 681 1619 636 1617 635 1617 634 1617 629 1619 618 1623 611 1618 609 1617 608 1617 607 1617 606 1617 598 1618 582 1622 577 1618 575 1616 574 1616 573 1616 572 1616 562 1618 543 1622 508 1617 496 1616 495 1616 486 1617 457 1621 421 1616 417 1616 416 1616 415 1616 414 1616 403 1621 374 1616 374 1647"/></Shape>
            <String CONTENT="ipsum interfecit, futilis autem causa, hanc ean¬"
                    HPOS="373.0"
                    VPOS="1616.0"
                    WIDTH="732.0"
                    HEIGHT="50.0"
                    WC="0.9963857142857143"></String>
          </TextLine>
          <TextLine ID="line_40"
                    TAGREFS="LT8"
                    BASELINE="374 1686 1106 1692" 
                    HPOS="373.0"
                    VPOS="1654.0"
                    WIDTH="733.0"
                    HEIGHT="70.0">
            <Shape><Polygon POINTS="374 1686 373 1719 459 1720 460 1720 461 1720 462 1720 464 1718 483 1705 528 1705 539 1714 540 1714 541 1714 542 1714 600 1707 613 1716 617 1720 618 1720 619 1720 641 1722 642 1722 694 1720 695 1720 707 1715 713 1712 722 1715 747 1723 748 1723 749 1724 836 1724 836 1723 837 1723 872 1713 881 1710 887 1712 895 1716 896 1716 897 1716 898 1716 899 1716 904 1712 910 1709 950 1709 959 1711 978 1718 979 1718 980 1718 981 1718 994 1711 996 1710 1002 1711 1026 1715 1027 1715 1028 1715 1029 1715 1035 1710 1037 1710 1105 1710 1106 1692 1104 1661 1071 1667 1041 1661 1031 1659 1030 1659 1029 1659 1028 1659 1026 1661 1018 1667 979 1661 958 1658 851 1657 850 1657 849 1657 848 1657 844 1661 842 1662 824 1661 778 1657 777 1657 776 1657 775 1657 770 1661 764 1665 709 1661 676 1659 675 1659 653 1661 626 1663 598 1661 535 1655 534 1655 533 1655 512 1661 506 1662 499 1661 462 1654 461 1654 460 1654 459 1654 451 1661 450 1662 406 1662 404 1661 392 1654 391 1654 390 1654 388 1654 374 1660 374 1686"/></Shape>
            <String CONTENT="dem quoslibet augurari adigit. Et vt veteres ma"
                    HPOS="373.0"
                    VPOS="1654.0"
                    WIDTH="733.0"
                    HEIGHT="70.0"
                    WC="0.9957125"></String>
          </TextLine>
        </TextBlock>
        <TextBlock HPOS="489.0"
                   VPOS="52.0"
                   WIDTH="460.0"
                   HEIGHT="43.0"
                   ID="block_0"
                   TAGREFS="BT18">
          <Shape><Polygon POINTS="949 52 949 95 489 95 489 52"/></Shape>
          <TextLine ID="line_0"
                    TAGREFS="LT10"
                    BASELINE="491 83 947 78" 
                    HPOS="490.0"
                    VPOS="52.0"
                    WIDTH="457.0"
                    HEIGHT="47.0">
            <Shape><Polygon POINTS="932 55 924 52 915 52 905 52 897 52 890 54 884 52 875 52 865 52 854 52 851 52 850 53 848 54 844 53 841 52 834 52 824 52 818 52 817 53 811 57 775 57 771 54 767 52 763 52 753 52 743 52 733 52 725 52 722 55 721 56 718 55 703 52 692 52 682 52 674 52 670 55 650 52 642 52 632 52 621 52 613 52 601 58 600 59 579 59 579 58 571 52 561 52 551 52 540 52 530 52 520 52 510 52 500 52 490 57 491 83 492 99 511 91 530 97 531 97 532 97 593 91 608 96 609 96 610 96 611 96 630 90 702 95 703 95 704 95 719 89 730 96 731 96 732 96 733 97 785 97 785 96 786 96 787 96 799 89 945 95 947 78 943 52 940 52"/></Shape>
            <String CONTENT="PET. TVRREL. CAMP."
                    HPOS="490.0"
                    VPOS="52.0"
                    WIDTH="457.0"
                    HEIGHT="47.0"
                    WC="0.9955"></String>
          </TextLine>
        </TextBlock>
      </PrintSpace>
    </Page>
  </Layout>
</alto>
