1144 1823
135 287 172 54 Vltimus mẽ¬

134 333 173 49 sis partus a¬

133 372 176 53 pud spartia¬

133 413 158 46 tas decimus

133 450 174 55 orat, apud E¬

136 493 163 54 giptios pro

133 533 177 51 pter fecundi¬

132 572 175 52 tatẽ Nili, se¬

133 611 181 55 ptimus apud

132 654 179 51 Italos octa¬

133 698 163 50 uus at apud

135 735 173 58 nos nonus fre

138 780 127 61 quentior.

317 127 730 74 cunctans, deceptus cognouit. Ante enim deci¬

317 173 739 68 mum fœtus mensem parum vxorius, nec in ipso

319 217 731 62 fœtus tempore cognouerat. Spurius igitur le¬

321 253 728 72 ontycides (tale enim spurio nomen fuit) decla¬

319 297 729 65 ratus: cun defuncto Agide iure sanguinis la¬

320 335 733 65 cedemoniorum thyaram exposceret, ignobi¬

321 378 730 64 lem passus est repulsam, in eiusque locum ac¬

322 418 735 64 cersitus Agesilaus Claudus pede teclamante

322 456 731 66 etiam Diophithe poëta, qui versus quosdam

324 497 726 64 fatiduos canebat quo claudum à Regno spar¬

323 535 727 70 tico abigeret. Claudum quidem à regno expel¬

323 576 729 67 ledum etiam suadebat Lysander: sed apud deos

324 618 723 63 eum non claudum esse qui pede claudicaret,

321 657 723 64 sed eum qui ab Heraclidarum familia aberra¬

321 697 723 70 ret affirmabat. Quicquid sit Agesilans Lysan¬

320 742 725 63 dro suffragante rex fuit salutatus: qui in tan¬

319 775 730 70 tum Agesilaum sibi deuinxisse existimabat vt

318 819 727 67 cundem facile permittere, penes se regni to¬

319 863 727 64 tius prouinciam, penes vero Agesilaum regium

319 900 728 61 duntaxat nomen remanere, speraret verum hoc

318 936 732 71 nõ Agesilai magn animitas passa sed lysandrũ di

319 983 730 59 uidendis exercitui carnibus sagax perfecit quo

319 1020 731 63 Iones suo carnium diuisori si liberet inseruirent

319 1062 728 69 Lysander igitur ab eo tempore Agesilaum re¬

320 1100 729 72 gno spoliare & ad instar imperitæ multitudinis

320 1140 728 69 vt supra dictum est herculeam domũ thiara de¬

319 1180 731 72 fraudare, in publicũ que (quo digniores ea frue

318 1219 731 72 rentur) referre sibi effinxit ratus æquæ facile

319 1261 731 68 enim quem amore & beneuolentia in regnum

322 1295 721 75 nexerat eundem odio, & vecordia posse de¬

320 1341 725 76 primere sicque regiam dignitatem in publicum

320 1382 729 71 posse referre. Quo igitur excogitata perficeret

317 1422 729 63 orationem a cleone Halicarua seo rethori edi¬

315 1462 735 73 scendam acceperat: quam multis muliebribus

316 1503 739 69 oraculis quo maiorem authoritatem haberet

314 1543 737 72 oratio mtertapetat. Non aliter quam postea

313 1583 731 68 Cæsariani qui quo Cæsaris regni inuasionem

313 1625 731 69 probarent: à Parthis acceptam ignominiam ro¬

312 1661 729 86 manis esse vindicandam assercbant. Atqui ve¬

136 1289 170 87 Plut. in A-

129 1359 156 90 gesil lysan.

485 105 412 49 PIT. TVREL. CAMF.

977 1719 69 42 teni
