1129 1838
81.0 141.0 727.0 35.0 cum rattone rex barbarus crit arcdus : li cnini

84.0 169.0 726.0 49.0 societate singulum tantum vitiãt, & corrumpũt

81.0 205.0 724.0 55.0 hic vero totam ciuitatem perdit exemplo: si igi¬

80.0 248.0 728.0 49.0 tur exterus regno non sit admittendus: non igi¬

82.0 286.0 729.0 55.0 tur nobilis pro libidine exterum habebit regem

82.0 350.0 730.0 32.0 iaiutalctea cuin quem ididiolcin patria compie

84.0 369.0 726.0 54.0 ctetur. At qui quis ex proceribus principem equo

84.0 408.0 729.0 53.0 feret animo se neglecto (vt antè dictum est) in as

85.0 448.0 729.0 55.0 sumptione tamen dissimuli, ne repetitione sola

87.0 488.0 722.0 56.0 aures refricare videar ad regnum accerssere ac¬

86.0 528.0 726.0 50.0 cersitum quis non totis viribus, & telis omnibus

84.0 570.0 727.0 48.0 licet malè, lacesset:cum omnibus certum desti¬

84.0 607.0 728.0 57.0 natúmque sit semel emori, cum ii sdem proceri¬

84.0 648.0 729.0 55.0 bus pulchrum videatur in armis occumberc?

85.0 689.0 731.0 57.0 Cùm igitur causa necis clarior esse non possit ea

86.0 730.0 730.0 58.0 que pro regno paratur, non mirum si vtraque ex

88.0 770.0 724.0 58.0 parte totis ad pugnã viribus itur. Ferunt Anglo

87.0 810.0 728.0 50.0 rum nobiles (vt nobilium omnium natur am si¬

89.0 851.0 726.0 52.0 milem vno sermone describam) multum glori¬

91.0 892.0 721.0 51.0 & splendoris à morte suorum repottare solitos,

87.0 930.0 726.0 54.0 si quis enim gentilis vt reuslæsæ maiestatis ma¬

87.0 970.0 729.0 54.0 nibus post terga reuinctis caput in frequenti

86.0 1012.0 730.0 55.0 anglorum multitudine supplex amiserit: proinde

85.0 1052.0 730.0 52.0 asserunt magnum fuisse:proinde quod non hũc

88.0 1092.0 728.0 50.0 virtutis egentem abstulit, atra dies & funere

89.0 1131.0 724.0 55.0 mersit acerbo. Cùm igitur (vt quæ dixi resoluã)

89.0 1173.0 723.0 54.0 pulchrum proceribus videatur multam prope¬

86.0 1214.0 731.0 51.0 rate pro vulnere mortem, vt loquitur poëta, cũ

85.0 1253.0 731.0 51.0 causa clarior ea quæ pro regno paratur nos ad

84.0 1293.0 732.0 49.0 mortem non vocitet, cùm hæc non quæratur ni

83.0 1332.0 733.0 55.0 si stipato, & congtegato milite, milite inquam

82.0 1373.0 734.0 53.0 omni reipublice in fausto: restat igitur vt popu¬

82.0 1416.0 736.0 50.0 lo sit damnosa procerum electio, principique re

83.0 1454.0 731.0 52.0 gnum à proceribus irrogatum. Sed quantas ar¬

83.0 1491.0 739.0 53.0 gutias hæc ratiuncula nobis (si aduersari honori

80.0 1531.0 734.0 54.0 contigerit) suggeret me enim animum cruore,

79.0 1575.0 739.0 52.0 & sanguine educatũ, me (si potens satis) spi ritu

78.0 1615.0 738.0 52.0 vẽtilato martem dicent accendere, me denique

77.0 1654.0 738.0 78.0 parum Christianum qui quod haberem ratione

186.0 90.0 460.0 40.0 CONT. OTHO. FE AN.

769.0 67.0 36.0 66.0 6
