1148 1843
48.0 122.0 740.0 43.0 thema tici priusquam quid de arte sua addiscen¬

48.0 153.0 739.0 54.0 tibus patefaciant, sibi axiomatasine probatione

49.0 194.0 736.0 52.0 dari, concediue exposcunt. Sic antequàm reges

48.0 234.0 738.0 52.0 antiquorũ, diademate ornarentur cædem suorũ

49.0 273.0 736.0 55.0 crudeliter exposcebant, qui quidẽ reges siin cos

52.0 315.0 734.0 54.0 qui quadam spe regni, si vita excessissent, duce¬

51.0 358.0 738.0 51.0 rẽtur, tales fuerint, quales in eo affuturos existi

53.0 395.0 734.0 53.0 mandum, qui aperto marte tale è faucibus talen

54.0 439.0 732.0 49.0 tum nituntur abstrahere? Iulius quidem Cæsar

56.0 477.0 730.0 52.0 iuris, & æquitatis interruptionem reg um affe¬

60.0 516.0 726.0 53.0 ctantibus permisit. Et si non permiserit, inuicto

58.0 558.0 729.0 52.0 codem, æquo consentaneum existimabant pe¬

55.0 597.0 730.0 52.0 nes se solos rerum vnam esse potestatem, ergo

56.0 636.0 733.0 57.0 proh dolor, regulus regulũ æquum æstimabit in

56.0 678.0 733.0 52.0 terficere: verũ probatum est plebeiam illam re¬

58.0 719.0 732.0 51.0 gum electionem, plures reges conflare: mutuo

57.0 759.0 733.0 50.0 igitur regulorum odio hæc electio improbatur.

57.0 798.0 736.0 48.0 Nunc restat vt hoc subtilioribus rationibus in

59.0 838.0 733.0 52.0 quiramus. Si vt dictũ est suffragia multos reges

61.0 879.0 733.0 54.0 admittũt, eadem necesse est naturæ repugnare:

60.0 920.0 734.0 51.0 quia regia dignitas, dignitat um est prima. At¬

61.0 961.0 731.0 50.0 qui mathematicis est inauditum duo compara¬

58.0 1000.0 737.0 52.0 ta prima esse posse, sed ex his alterum, vnum ne¬

60.0 1039.0 734.0 54.0 cessariò est primum. Cùm rex igitur regi confe¬

63.0 1083.0 732.0 50.0 ratur, rex vnus erit: plures ergo reges cũ admit¬

64.0 1122.0 731.0 50.0 tat electio, certissimum est hanc ipsam naturæ

63.0 1163.0 732.0 50.0 repugnare, quæ quidem natura tamen, in omni

60.0 1199.0 734.0 53.0 bus potissimum est sequenda, vt author est Cic.

59.0 1238.0 735.0 56.0 in dialogo de senectute, sed dicent aliqui. Cur i¬

62.0 1280.0 732.0 55.0 gitur tandiu stetit sparta? cum infiniti solis

59.0 1323.0 736.0 50.0 ortus, & occasus Mari eandem imperantem vt

60.0 1359.0 734.0 52.0 supra dictum est despexerunt? Cur & ipsi roma¬

59.0 1400.0 736.0 51.0 ni rerum domini? Primi autem reges duos, hi

63.0 1441.0 733.0 52.0 verò duos consules qui ciuitati prospicerent

60.0 1480.0 734.0 54.0 habebant. Nam apud spartiatas quidam theo¬

60.0 1520.0 735.0 54.0 pompus reclamante tametsi vxore Ephoros, id¬

60.0 1562.0 736.0 53.0 est speculatores & correctores regum creauit pe

59.0 1603.0 736.0 50.0 nes quos omnis reip. spartanæ status erat, non

59.0 1641.0 734.0 67.0 certè penes reges. Nam vt apud Persas quidam

225.0 78.0 403.0 43.0 CONT. OTH. FRAN.

735.0 72.0 51.0 54.0 10

569.0 1680.0 64.0 55.0 B ii
