936 1566
35 95 711 67 de peché, de maledictio, de miſere

36 159 705 68 & de mort, & y replantat ſa Iuſtice,

34 221 710 65 ſa grace, ſa vie, & ſa felicité: à ce que

33 280 713 69 nous ſoyons remplis en toute ple¬

35 339 708 62 nitude de Dieu, eſtans ioincts &

40 402 705 59 vnis auec luy, & faits tous vn auec

37 459 706 65 luy, non ſeulement de volonté par

38 515 705 69 dilection, mais auſſi de ſubſtance,

40 580 707 62 & que finalement Dieu ſoit tout

40 638 707 64 en tous. Et ceſtuy eſt le plus grand

40 697 707 68 honneur, le plus grand profit, la

45 756 701 71 plus grande conſolation, la plus

44 816 703 70 puiſſante medecine, & le plus grãd

42 877 705 65 don qu’il nous euſt peu laiſſer en

43 943 707 54 ce monde. Somme nous auons en

45 997 858 60 ce Sacrement, non ſeulement le s. 1. Chryſe

49 1053 677 73 plus grand gage de l’amour infin

46 1116 707 63 de Dieu, mais tout le treſor de la

46 1180 330 58 bonté de Dieu.

101 46 539 57 DES CATHOLIQVES.

693 49 48 50 19

57 1234 699 64 Chreſtiens iuſques où a procedé

46 1296 708 60 l’amour du Fils de Dieu enuers

46 1352 699 74 nous, eſtant luy meſme le ſouue¬

759 1041 148 2 S. I. Chryſo¬

748 1045 154 40 ſtom. hore. 24

742 1079 163 49 in ep. ad Cor

515 1417 77 60 C ii
