1749 2481
452 486 909 68 ins noſtre bien & ce qui eſt en nous doibt e¬

446 559 916 66 tre employé à nos parents & amis, & ſur tout

441 631 919 69 t noſtre pays, pour lequel ne deuons eſpargner

437 700 924 67 Poſtre propre vie, qui eſt la plus chere de nos

435 770 929 66 offrandes, comme pour exemple l’ont monſtré

431 839 930 67 pluſieurs vaillants perſonnages de renommee

428 906 930 68 immortelle, leſquels eſmeuz du zele de l’ad¬

430 984 927 63 uancement de leur patrie, n'ont point craint de

430 1048 927 71 s'eſlancer à la mort, eu eſgard à l’amitié qu’ils

431 1121 924 69 'ſçauoient deuoir à leur pays natal. Ce premier

451 1190 903 69 Conſul Romain Juntus Brutus pour rendre

438 1262 915 68 ſon pays en liberte & hors la tyrãnie qu'exer¬

433 1332 921 71 çoit de ſon temps l’orgueilleux Tarquin, print

430 1404 923 65 l'espee en main pour combatre en plein carre¬

434 1472 919 64 four, & deuant tous l’outrecuidé Aronta fils

431 1540 920 69 aiſne dudit Tarquin le ſuperbe, ou tous deux

433 1614 915 67 Centretuerent, l’vn poltron, & l’autre noble,

430 1682 918 68 l'vn en honte & l’autre en gloire. Ainſi The¬

431 1755 917 71 ſeus taçoit que fils de Neptune, ne craignit ſe

435 1826 913 67 voüer au Minotaure pour affranchir ſon pays

431 1892 919 69 d’Athenes du fardeau de ſeruitude. Je laiſſe

431 1965 916 72 arriere le fait de pluſieurs vaillants perſon¬

918 413 142 51 TRE.

1212 2042 123 42 nages
