1749 2481
714 380 341 60 EPISTRE.

438 464 920 69 ſembler en ſi grande ſueur ce qui eſt neceſſaire

431 530 924 72 à tel effect. Et quand par pauureté ou par di¬

430 605 925 62 ſtance des lieux on n'a pas liures à main, ou

427 675 926 65 bien qu'on ne trouue rien par eſcrit du ſubiect

428 747 919 64 qu'on veut traicter, c'eſt encore la plus grand

426 818 924 64 deſolation que l’Auteur pourroit auoir, com¬

424 886 923 65 me pour faire vn traicté des Antiquitez de

426 955 922 66 noſtre ville de Pontoiſe, de laquelle on ne

424 1030 923 61 trouue rien par eſcrit aux hiſtoriens autenti¬

423 1097 920 69 ques, voire à grand peine le ſeul nom. Toute¬

424 1167 920 67 fois le deuoir que ie doibs auee vous à ceſte

424 1243 920 69 ville & pays qui m'a nourri, enſeigné, logé par

420 1310 922 69 ſi long temps & decoré par nos predications

417 1376 923 71 l’espace de ſept à huit ans, me rend debteur de

416 1450 921 74 le reciproquer en ſi peu qu'il m'eſt poſſible de

416 1523 921 67 faueur, & luy rendre l’vn des petits moyens

415 1591 921 72 que i'ay receuz de luy, par le recit de ſes anti¬

416 1662 916 71 quitez & excellences, que ie luy ay dreſſez du

412 1732 920 70 bout de me plume, & en ay fait vn petit liure

412 1805 917 66 que ie preſente & dedie à vos reuerences, com¬

411 1871 920 69 me à l’vn de mes meilleurs amis, & qui le me¬

411 1944 917 73 rite mieux, eu eſgard à la race dont vous eſtes

1233 2012 87 80 iſſu
