1749 2481
702 394 333 52 EPISTRE.

419 471 921 70 nages, comme d’Epaminondas, Themiſtocles,

451 540 892 69 odre, Scipion, Camille, les Deces, & entre les

422 610 924 73 ſaints, Dauid, les Machabees, & autres ſans

419 683 929 70 nombre qui n’ont rien obmis qui peut ſeruir à

417 753 930 71 l'aduancement de leur patrie. On cognoiſt meſ¬

420 827 928 68 mes que pluſieurs eſcriuains n’ont mis la main

419 898 928 70 à la plume pour autre fin que pour ſe monſtrer

419 971 928 65 ne vouloir eſtre ingrats enuers leur pays, au¬

417 1039 929 71 quel par droit naturel ils ſe cognoiſſoient eſtre

416 1108 927 74 du tout obligez. Combien ayẽt peiné & ſouf¬

416 1177 930 69 fert de chaleurs & froidures les hiſtoriens Ro¬

416 1251 928 66 mains en eſcriuant leurs grands volumes de

417 1321 927 68 Decades & Centuries, ceux là ſeulement qui

416 1392 945 70 prennent plaiſir à compoſer les liures le peuuët,

415 1461 927 75 teſmoigner & ſans refraindre affermer qu'il

413 1536 923 68 n'y a choſe au monde qui corrompe plus la per¬

416 1603 923 71 ſonne que d’eſcrire en temps d’Hyuer & d’e¬

412 1673 921 69 ſte. Ce nonobſtant ſe trouuent tant de liures eſ¬

409 1746 911 70 crits, & tant d’hiſtoires ramaſſees d’vn &

408 1813 921 75 d’autre, que ſi l’amitié du pays ne ſollicitoit

406 1888 916 73 tels compoſiteurs, pas vn d’eux, ou peu, pren

402 1954 922 79 droient ſi grand trauail qu'il eſt requis d’aſ¬

1055 2032 116 49 A iii
