1749 2481
411 518 924 60 ſon ſucceſſeur Manetho Egyptien, deſ¬

413 580 922 71 quels les regiſtres nous teſmoignent aſ¬

412 653 923 67 ſeuremẽt qu’entre autres Rois de Gau¬

412 725 921 67 le, fut vn nommé Belgius quatorziéme

413 792 920 73 Roy, duquel vne partie de la Gaule eſt

413 864 920 71 dite Belgique: & en ce pays fonda vne

413 933 922 70 ville, à l’entour de laquelle le pays eſt

412 1000 917 80 de luy appellé Belgaſſin, qui eſt le pays

409 1072 919 60 ou eſt ſituee & aſſiſe noſtre bonne vil¬

411 1141 921 70 le de Pontoiſe. Or pour faire ample deſ¬

409 1217 922 67 cription de ceſte ville, il eſt plus que

409 1288 924 61 raiſonnable de traicter premierement

411 1354 921 71 du pays ou ell’eſt ſituce, à ſçauoir du

411 1426 918 72 Vequecin, ainſi appellé, comme dit eſt,

409 1498 922 71 de Belgius Roy de Gaule, pour ce que

409 1569 922 68 en ce pays ledit prince fit ſon ſeiour &

411 1641 921 66 demeure ordinaire pour la plus part de

411 1709 920 63 ſa vie, & à bon droit: car c’eſt la terre la

415 1776 914 77 plus graſſe & plus fertile qui ſoit en la

412 1853 916 62 France quant a toutes ſortes de com¬

409 1917 916 71 moditez requiſes pour la neceſſité des

412 1986 912 67 viures. La Beauſſe a ſes bleds, le Pariſis

616 425 494 72 De la ville de Pontoiſe.

1296 442 32 45 2
