1749 2481
608.0 387.0 485.0 71.0 De la ville de Pontoiſe.

1260.0 398.0 76.0 49.0 20

402.0 471.0 935.0 74.0 petite chapelle de ſaint Iacques qui de¬

405.0 541.0 934.0 73.0 pendoit de la ſeigneurie des religieux

402.0 609.0 937.0 70.0 de ſaint Martin des champs lez Paris, &

405.0 678.0 931.0 71.0 audit lieù ſe retirerent les Cordeliez

402.0 749.0 930.0 76.0 du temps de la guerre des Anglois, lors

405.0 820.0 932.0 67.0 que leur conuent ſitué hors la ville fut

404.0 895.0 931.0 67.0 razé & deſmoly pour obuier aux in¬

404.0 973.0 601.0 59.0 conueniens de la guerre.

455.0 1036.0 882.0 58.0 Le Sieur Gaiſe de Bouconuiller eſtoit

406.0 1109.0 927.0 72.0 pour ce temps là capitaine & gcuuer¬

404.0 1177.0 929.0 66.0 neur de la ville & du Vequecin, & com¬

404.0 1243.0 933.0 73.0 manda auſdits religieux Cordeliez de

404.0 1313.0 931.0 72.0 ſe retirer de leur lieu des faulxbourgs, &

404.0 1386.0 922.0 70.0 leur aſſigna le lieu ou ils ſont de pre¬

408.0 1458.0 125.0 59.0 ſent.

480.0 1528.0 855.0 69.0 Quant au conuent de dehors la vil¬

405.0 1597.0 924.0 69.0 le, il eſtoit de la fondation de la Roy¬

405.0 1670.0 924.0 68.0 ne Blanche, mere du Roy ſaint Loys,

404.0 1742.0 933.0 70.0 ainſi qu’il appert par nos chartres &

402.0 1813.0 931.0 68.0 enſeignements: & celuy de preſent a

404.0 1882.0 929.0 64.0 eſté fait & conſtruit d’vne partie des

404.0 1951.0 928.0 69.0 deſmolitions de l’autre, auec la diligéce
