1749 2481
428 498 913 70 d’Oyſe, qui paſſe par deuant la ville ſur

428 566 341 70 le meridional.

623 415 494 64 De la ville de Pontoiſe.

502.0 643.0 840.0 65.0 Aupres du lieu ou tombe ceſte pe¬

419.0 712.0 927.0 66.0 tite riuiere, il y a vne belle place pour la

416.0 782.0 927.0 61.0 commodité des marchands de bois &

422.0 854.0 926.0 68.0 d’autres qui là chargent & deſchargent

423.0 920.0 484.0 61.0 leurs marchandiſes.

524.0 996.0 819.0 66.0 Il y a vne autre place autant & plus

423.0 1062.0 924.0 72.0 grande que ceſte cy, qui eſt ſur le bord

423.0 1131.0 618.0 66.0 de l’eau au deſſus du pont.

510 1207 840 61 Pour entrer eſdites places du coſté

423 1269 921 74 de la ville, il y a deux portes, & s’appel¬

423 1342 921 69 lent du nom des places, à ſçauoir la por¬

411 1410 933 68 te du Potiz & de Bicherel, leſquelles

423 1481 917 69 deux places ſont ſeparees l’vno de l’au¬

420 1552 926 71 tre, par le pont & l’hoſtel-Dieu, qui eſt

423 1622 885 66 aſſis ſur la riuiere au deſſous du pont.

1299 425 40 62 51

528.0 1691.0 818.0 69.0 Il y a vne Iſle belle & plaiſante au

423.0 1761.0 921.0 68.0 deſſus dudit pont, ou les cheuaux de

420.0 1837.0 922.0 65.0 voicturiers ſur eau vont par nacelles

427.0 1904.0 915.0 65.0 pour tirer les gras baſteaux de deſſous

423.0 1976.0 920.0 66.0 Iarche du pont quand ils montent à
