2331 3255
1294.0 501.0 372.0 114.0 ONET.

898.0 661.0 217.0 274.0 C

1141.0 658.0 913.0 125.0 E Pere tout puiſſant plein de toute cle¬

1249.0 746.0 185.0 74.0 mence,

1189.0 804.0 868.0 129.0 Qui bening ſans filler ſur nous iette ſes

1233.0 882.0 269.0 89.0 yeux,

934.0 947.0 1049.0 105.0 A voulu qu'vn Clement d’vn coup induſtrieux

936.0 1016.0 968.0 110.0 Au beſoin mit à mort le tyran de la France.

869.0 1085.0 847.0 108.0 Fadis au bon Noë il donna deliurance,

934.0 1159.0 964.0 115.0 Le ſauuant dans ſa nef des flots impetueux,

934.0 1231.0 977.0 118.0 Par deux pitits paſteurs il ſauua les hebreux

933.0 1303.0 915.0 109.0 Par Iudith Bethulie il oſta de ſouffrance.

862.0 1374.0 901.0 110.0 Moyſe faict ſauuer le peuple dans la mer,

927.0 1453.0 928.0 103.0 Et Dauid au combat ſans ſe vouloir armer

929.0 1519.0 830.0 113.0 Du geant Goliat chaſtie l’arrogance,

857.0 1593.0 1052.0 117.0 C’eſt beaucoup que cela, mais bien plus excellent.

920.0 1669.0 957.0 101.0 Eſt le ſalut donné aux François par Clement

924.0 1737.0 1056.0 125.0 Qui d’vn coup à tué le grand monſtre de France.

1128.0 1955.0 570.0 111.0 QVATRAIN.

1010.0 2094.0 646.0 99.0 E iour des maſſacres à Blois

902.0 2168.0 765.0 106.0 Eſtoit la feſte ſainct Clement,

896.0 2229.0 717.0 107.0 Et à ſainct Clou le mot Clement

898.0 2311.0 689.0 101.0 Quand Clement tua de Vallois.

921.0 2213.0 70.0 5.0 L
