2000 2992
249.0 402.0 1112.0 93.0 ſubmergant en la mer rouge auec tout

249.0 482.0 1104.0 93.0 ſon exercite, & perdit le corps & l’ame,

247.0 560.0 1112.0 96.0 enſemble le Royaume, & gaigna perpe¬

249.0 638.0 1112.0 91.0 tuelle infamie, & obſcurcit pour touſiours

251.0 713.0 1110.0 94.0 ſon nom, que profita au puiſſant Senna¬

246.0 786.0 1113.0 99.0 cherib Roy des Aſſiriens de tyrannique¬

246.0 872.0 1110.0 90.0 ment vouloir occuper les terres & Roy¬

247.0 949.0 1107.0 88.0 aumes non ſeulement de ſes voyſins mais

244.0 1027.0 1109.0 88.0 de tout le monde, veu qu’en vne nuict il

242.0 1102.0 1102.0 96.0 perdit ſon exercite & que les Anges coup¬

242.0 1181.0 1106.0 93.0 perent la gorge à cent huictãte mil hom¬

241.0 1261.0 1110.0 95.0 mes au camp, dont il l’enfuit par grande

239 1338 1112 94 honte & ignominie? Dieu luy rompit

239 1411 1110 94 ſoudainement ſes faulſes eſperances &

239 1486 1110 106 luy couppa le fil de ſes ſuperbes & vaines

244 1570 1104 100 pourſuyttes & permit qu’il fut dagué par

239 1648 1114 95 les mains de ſes propres enfans, & que ſon

241 1722 1112 99 ſang & ſes entrailles le perſecutaſſent &

241 1801 1113 98 le tuaſſent, pour ce que fuyant de ſon ar¬

241 1876 1122 100 mee rebrouſſa en ſon pais pleurant ſon

242 1954 1121 97 malheur & ſe fondant en larmes ſans ſça¬

244 2037 1120 92 uoir encores ce que le monde luy ourdiſ¬

241 2116 1123 96 ſoit. Car penſant trouuer refrigere ou

244 2200 1119 88 conſolation parmy les ſiens, trouua per¬

246 2267 1118 96 fidies, deſloyautez & trahiſons & fut maſ¬

246 2343 1118 102 ſacré de la main meſme de celuy qu’il a¬

251 2420 1110 136 uoit engendré. Que ſont deuenuz & de¬

778.0 339.0 49.0 69.0 7
