2000 2992
319.0 491.0 965.0 169.0 LE

463.0 595.0 684.0 162.0 FRERE IACQVES

640.0 728.0 300.0 113.0 Clement

561.0 900.0 818.0 145.0 E grand &excellẽt perſonnage

590.0 974.0 804.0 149.0 ThalesMileſien, apres eſtre de

590.0 1058.0 803.0 133.0 retour d’vn tres-grand & long

586.0 1148.0 808.0 126.0 voyage viſité de ces amys,

580.0 1208.0 833.0 148.0 fut par aucuns interrogé de ce

299.0 1286.0 1114.0 180.0 qu’il auoit remarqué & recog nu de plus

300.0 1366.0 1111.0 174.0 rare en ceſte ſienne peregrination reſpon¬

305.0 1456.0 1119.0 154.0 dit: que ce qu’il auoit eſtimé pour plus

300.0 1529.0 1096.0 163.0 rare eſtoit, qu’il auoit veu vn viel tyran, ſi

319.0 1602.0 1120.0 174.0 gnifiant & nous apprenant par ceſte belle

325.0 1675.0 1119.0 173.0 reſponce, que le proprede lavie des tyrans

332.0 1763.0 1119.0 163.0 eſt ſemblable à celle dés pourceaux viuãts

334.0 1833.0 1122.0 176.0 plongez & embourbez au milieu de leurs

345.0 1911.0 1118.0 183.0 plaiſirs, voluptez & concupiſcence, mais

350.0 1991.0 1117.0 178.0 auſſi courte ceſte vie que celle du porc qui

357.0 2069.0 1122.0 171.0 n’attent que l’heure que l’on luy vienne

365.0 2162.0 1119.0 146.0 mettre le couſteau dans la gorge, d’autant

375.0 2219.0 1111.0 176.0 que le tyran pour ioüir de ſes desbordees

385.0 2303.0 1107.0 188.0 toluptez ne veut receuoir aucun bon ſaint

1153.0 2406.0 132.0 98.0 A ij

1326.0 226.0 28.0 73.0 3

311.0 1297.0 241.0 7.0 C
