2324 3255
927.0 423.0 1205.0 90.0 lait pius laide mine, ains ſembloit qu’il

938.0 466.0 1199.0 128.0 priſt fort grand plaiſir à les oüir ainſi par¬

935.0 542.0 1199.0 132.0 ler. En ſes entrefaictes Larchant ſort du

936.0 634.0 1196.0 121.0 cabinet qui veut eſtre de la partie, deman¬

936.0 705.0 1196.0 135.0 de que c’eſt, il luy fut reſpondu que c’eſtoit

942.0 802.0 1184.0 127.0 vn moyne qui venoit de Paris pour parler

936.0 878.0 1189.0 123.0 au Roy, & luy apportoit bonnes nouuel¬

933.0 951.0 1195.0 134.0 les, & que monſieur de la Gueſle les auoit

936.0 1045.0 1190.0 123.0 priez le faire entrer pour ſ'acquiter de ſa

933.0 1121.0 1179.0 135.0 charge. Larchant fait entrer le religieux.

927.0 1207.0 1199.0 131.0 lequel entrant & approchant du tyran, ſe

925.0 1300.0 1200.0 114.0 mit à genoux, & enclinant la teſte biẽ bas

924.0 1374.0 1199.0 126.0 luy fit la reuerence, le tyran luy comman¬

924.0 1457.0 1199.0 125.0 de ſe leuer, ce qu’ayant faict luy preſenta

927.0 1544.0 1194.0 125.0 quelque lettres, & les ayant leües, le tyran

927.0 1629.0 1194.0 117.0 voit qu’elles portent creance, luy commã¬

920.0 1701.0 1199.0 129.0 da s’approcher & dire ſa creance, il reſpõ¬

918.0 1786.0 1201.0 118.0 dit fort aſſeurement. Sire c'eſt choſe de

909.0 1871.0 1208.0 121.0 telle importance que i’ay charge ne le re¬

916.0 1956.0 1200.0 121.0 ueler qu’à vous ſeul, pour ce ſ’il vous plaiſt

909.0 2039.0 1205.0 121.0 ferez retirer vn chacun à ce qu’il n’y ait

915 2128 1197 114 que vous qui l’entẽde. Sur ce Henry faict

911 2209 1201 114 ſigne a chacun de ſe retirer entre leſquels

911 2282 1190 130 eſtoit ledit Larchant qui luy dit en ſortãt,

906 2367 1204 126 Sire ſouuenez vous de ce que l’on vous à

904 2452 1208 121 dit & eſcrit du moyne. Lors Henry com¬

911 2538 1197 145 me celuy duquel Dieu auoit oſté tout iu¬

1495.0 336.0 96.0 74.0 42
