1749 2481
411.0 713.0 907.0 68.0 QA HONORABLE, TRES

494 791 818 62 TEVX, ET DISCRETE

494 864 826 70 perſonne M. NICOLAS Fournier,

494 934 785 68 marchand, bourgeois à Pontoiſe.

689.0 1003.0 415.0 61.0 S. D. F. N. T.

834 1145 492 74 A diſpute & reſolu¬

844 1226 482 59 tion qu’eurent les an¬

848 1288 483 71 ciens Philoſophes ſur le

846 1365 490 65 Ceuoir à quoy l’homme,

848 1438 481 63 taçoit que pelerin en ce

837 1499 489 69 monde, eſtoit plus obli¬

416 1569 917 71 gé, nous a mis hors de doubte, quand par leurs

405 1634 926 79 ſentẽces laconiques et briefues ont inferé que

398 1709 930 69 Li amour du pays eſt à preferer à toutes autres

402 1780 930 65 amitiez: car comme dit Ciceron au premier de

404 1844 925 74 ſes Offices (repetant la ſentence du diuin Phi¬

402 1913 930 78 loſophe Platon à Architecte) nous ne ſommes

402 1990 838 67 pas natz ſeulement en ce monde

427 1512 259 56 ILIE
