1749 2481
540.0 406.0 573.0 70.0 Les Antiquitez & Singul.

358.0 493.0 913.0 66.0 temps qui nous a ſeurez d’eſcripts que

364.0 559.0 907.0 68.0 pour la ſeuerité des loix antiques du

362.0 640.0 900.0 60.0 pays qui ne permettoient qu’on eſtſe¬

358.0 694.0 906.0 75.0 giſtraſt en tableau public les faits he¬

358.0 770.0 909.0 66.0 roicques des vaillats perſonnages, afin

357.0 839.0 907.0 72.0 (comme il eſt à preſuppoſer) de ſeque¬

358.0 911.0 908.0 56.0 ſtrer hors de leur royaume l’enuie vraie

347.0 984.0 919.0 60.0 mere nourrice des ſeditions & guerres

358.0 1053.0 906.0 66.0 ciuiles, ou bien que les eſtranges natios

362.0 1121.0 904.0 67.0 groſſieres en leur façon de viure ne ſe

360.0 1192.0 900.0 66.0 mocquaſſent de leur religieuſe mante¬

360.0 1261.0 903.0 63.0 re de viure ſ’ils en euſſent couché quel¬

362.0 1336.0 905.0 63.0 ques articles par eſcrit. Mais comme la

360.0 1404.0 906.0 63.0 renommee des gens de bien ſans leur

361.0 1473.0 898.0 67.0 ſceu, s’eſpand bien ſouuent par le pays,

360.0 1542.0 904.0 69.0 ainſi ne faut doubter que la bonne po¬

364.0 1616.0 904.0 54.0 lice de nos anciens Gaulois tant bien

364.0 1684.0 904.0 65.0 dreſſee n’aye ſorti les bornes du royau¬

362.0 1760.0 906.0 63.0 me, & paruenue iuſques aux royanmes

365.0 1824.0 905.0 69.0 eſtragers, meſmes iuſques en Chaldee,

364.0 1895.0 907.0 71.0 ainſi qu’il ſe peut prouuer par les eſcrits

366.0 1962.0 907.0 69.0 qu’en ont fait Beroſe Chaldeen auec

1171.0 2030.0 103.0 62.0 ſon
