1749 2481
391 475 926 79 iſſu. On cognoit aßez que voſtre feu pere le ſire

397 548 923 75 Guillaume Fournier (que Dieu abſolue) fut

394 620 926 71 de ſon temps gouuerneur de ville du temps des

398 690 920 69 troubles, durant leſquels manta tant bien les

400 763 920 72 affaires qu’il preſerua le pays & la ville du

395 833 920 73 pillage & de l’hereſie qui y commẽçoit a cou¬

395 908 922 69 uer & pulluler. Et pource qu'on cognoiſt mi¬

395 975 923 69 eux le faict que ie ne le pourrois ici deſcrire, ie

397 1047 921 70 feray fin, ſuppliant Dieu le Createur vous

401 1120 903 66 conſeruer & garder en bonne prosperité &

400 1188 920 70 ſante, & vous außi de prendre le petit liure

395 1261 925 69 d’vn tel cœur qu’il vous eſt preſenté par le

398 1328 920 68 moindre de vos Orateurs qui vous baiſe les

398 1401 822 71 mains. Ce premieriour d’Aouſt. 1587.

680 394 321 64 EPISTRE.

871 1532 441 84 F. N. Taillepied.
