1749 2481
604.0 409.0 492.0 72.0 De la ville de Pontoiſe.

1253.0 420.0 57.0 45.0 11

394.0 492.0 924.0 73.0 ſté, où il y a quatre cloches moyennes

397.0 559.0 923.0 65.0 tres melodieuſes au ſon du carillon. Au

400.0 628.0 917.0 73.0 deſſus du grand autel eſt eſleué vn eſta¬

397.0 701.0 921.0 76.0 bly ſur lequel repoſent les fiertres &

394.0 770.0 920.0 73.0 chaſſes des ſaintes reliques de S. Mel¬

397.0 843.0 918.0 68.0 lon, de S. Cler, S.Landon & d’autres en

397.0 917.0 374.0 68.0 grand nombre.

460.0 992.0 848.0 52.0 En la court du chaſteau ſont ſituees

397.0 1053.0 914.0 68.0 & de pierre de taille edifiees les maiſons

395.0 1127.0 916.0 65.0 & chapitre des Chanoines & Vicaires

393.0 1195.0 920.0 60.0 de ladite Chanoinerie. Et commandẽt

393.0 1262.0 917.0 65.0 leſdits Chanoines a toute la ville tou¬

391.0 1334.0 919.0 63.0 chant le fait de l’office diuin & l’admi¬

390.0 1410.0 921.0 66.0 niſtration du dernier ſacrement qu’eux

393.0 1480.0 913.0 65.0 meſmes vot és maiſons des agoniſants

391.0 1550.0 919.0 70.0 adminiſtrer en propre perſonne quand

390.0 1618.0 917.0 70.0 ils y ſont mandez. Ce ſont eux auſſi qui

388.0 1688.0 920.0 67.0 ont charge de donner le creſme & le

387.0 1760.0 921.0 66.0 ſaint huyle aux curez tant de la ville

388.0 1829.0 918.0 74.0 que des cinq villages proches de la vil¬

386.0 1896.0 918.0 65.0 le: & ſont meſme des benefices deſdites

390.0 1971.0 916.0 75.0 paroiſſes collateurs pacifiques: ils vont
