946 1566
120 80 636 47 DES CATHOLIQVES. 11

67 123 690 64 les ſainctes alliances, les fruits, les

66 187 690 60 dons, les graces, & tout le comble

66 244 689 63 des biens que de droict il acquit en

66 303 685 58 la croix à noſtre nature vniuerſel¬

66 359 686 66 lement pour les appliquer de faict

70 425 681 56 proportionémẽt à nos perſonnes

67 476 686 60 indiuidues. Car ce qui eſt fait en la

66 538 687 52 croix n’eſt pas vn merite infus en

65 594 686 56 nous, c’eſt bien l’acquiſitiõ du me¬

66 650 684 64 rite, dont l’infuſiõ nous eſt appor¬

67 712 687 59 tee par les ſacremés & ſpeciallemẽt

70 767 683 60 par celui de l’Euchariſtie. Ains c’eſt

71 829 683 57 plus que ſacremet, d’autant qu'ez

67 883 686 60 autres ſacremens la ſeule grace &

71 943 656 58 vertu eſt participee: ou en ceſtu

66 1003 683 54 nous receuons non ſeulement la

69 1057 673 65 grace, mais l’auteur de grace, &

70 1113 681 64 puiſons la douceur ſpirituelle en ſa

64 1174 686 61 fontaine, par lequel il nourrit, ſu¬

65 1231 685 61 ſtente & conſerue la vie qu’il nous

63 1288 688 67 a dõnee au bapteſme, qui eſt la vie

62 1351 686 64 eternelle, & nous vnit à luy nous

716 74 40 52 11

748 964 164 45 S. Thomas in

754 1000 154 46 officio feſti ve¬

749 1036 149 41 nerabilis Sa¬

757 1068 94 47 ramenti.

531 1408 75 64 B ij
