945 1566
98 67 517 52 DES CATHOLIQVES.

41 120 671 61 c’eſt vrayemẽt Dieu abſcõſé, Dieu

39 180 683 58 ſauueur, Dieu mediateur de Dieu

40 236 680 55 & des hommes. Dõt S. Denys dit

41 294 675 61 qu’il n’y a que ſe ſeul degré de di¬

39 355 678 53 ſtance entre les bienheureux ia ar¬

37 414 680 54 riuez au Ciel & les viateurs en ter¬

37 466 680 62 re. c’eſt que Ieſuchriſt Dieu & hõ¬

39 528 680 54 me ſe donne à nous icy bas inuiſi¬

40 583 682 59 blement ſous voile de ſacremẽt, ou

38 642 683 60 la haut il ſe dõne à eux viſiblemẽt

37 700 675 64 & ſans ſacrement: c’eſt pourquoy

33 756 674 67 S. Cyprian appelle ce ſacrement

40 822 667 54 portion de vie eternelle. S. Athana¬

36 876 668 60 ſe le nomme le cõſeruatoire à la re¬

33 933 683 64 ſurrection, auec lequel nous com¬

40 994 679 60 paroiſtrons au Iugement de Dieu

37 1054 679 57 en aſſeurance, comme ayans Ieſu¬

37 1109 667 62 chriſt en nous, ou plus toſt nous e¬

33 1162 677 71 ſtans en luy. Si qu’ayans dignemẽt

36 1229 679 57 receu l’Euchariſtie nous pouuons

36 1284 680 61 dire hardimẽt en nous meſmes, ie

35 1343 679 69 ne ſuis plus terre & cẽdre, ie ne ſuis

682 71 30 54 15

741 137 86 62 Eſ. 45.

724 708 142 47 lib. de Cœna

727 749 88 36 Domini

725 776 146 43 tract. de verb

725 814 158 45 euangelij qui¬

724 850 159 33 cunque dixerit

724 883 159 35 verbum aduer¬

723 909 156 46 ſus filium ho¬

724 951 123 34 minis, &c.

725 1141 148 47 8.1. Chryſoſto.

724 1175 143 53 hom. 24. in ef

721 1210 110 52 I. ad Cor¬
