4267 6033
972.0 234.0 2279.0 161.0 qu’elle n’a eſté par luy ordonnee pour

968.0 385.0 2280.0 171.0 le ſoulagement & cõduicte de ſon peu¬

978.0 549.0 2273.0 174.0 ple. Celà (diſoit-il) ſe congnoit en ce

978.0 710.0 2273.0 171.0 que le peuple de Dieu ayant demandé

982.0 874.0 2266.0 158.0 vn Roy auec aſſez iuſte occaſion (com¬

978.0 1039.0 2266.0 160.0 me il ſemble en apparence) A ſçauoir,

982.0 1193.0 2269.0 177.0 Que Samuel eſtoit deuenu vieil; Que

982.0 1364.0 2269.0 147.0 ſes enfans ne cheminoyẽt en ſes voyes;

988.0 1511.0 2270.0 178.0 Qu’il falloit vn Roy à ce Peuple pour

985.0 1692.0 2269.0 141.0 Ie iuger, comme auoyent toutes les au¬

985.0 1836.0 2266.0 161.0 tres Gens: Neãtmoins Dieu dit, Que

985.0 1994.0 2263.0 154.0 ceſte demande d’vn Roy eſt vne abje¬

988.0 2161.0 2280.0 158.0 ction de ſon Regne. Ils ne t’ont point

992.0 2312.0 2276.0 154.0 rejetté, dit noſtre Dieu à Samuel, mais

995.0 2490.0 2273.0 154.0 ils m’ont rejetté; afin que ie ne regne

1002.0 2637.0 2266.0 161.0 plus ſur eux.. Or voicy les Droicts du

1002.0 2801.0 2272.0 161.0 Roy; qu’il leur predit pour punition de

1002.0 2952.0 2272.0 161.0 la temerité de leur folle requeſte. A ſça

1002.0 3113.0 2262.0 161.0 uoir qu’il prẽdroit leurs fils & leurs fil¬

998.0 3274.0 2273.0 154.0 les, dont il ſe ſeruiroit aux plus vils of¬

1002.0 3432.0 2269.0 164.0 fices que bon luy ſembleroit: Qu’il leur

1002.0 3592.0 2269.0 161.0 feroit faire ſes coruees: Qu’il adecime¬

1002.0 3763.0 2272.0 145.0 roit leurs ſemẽces, leurs vignes & leurs

1005.0 3908.0 2279.0 164.0 oüailles: Qu’il prendroit leurs beſtiaux

1012.0 4072.0 2266.0 147.0 & ſeruiteurs, & leur feroit faire ſa be¬

1015.0 4226.0 2263.0 168.0 ſogne; Et pluſieurs autres Tyrannies

1018.0 4387.0 2260.0 161.0 dont il debuoit vſer vers eux. Il leur

1012.0 4544.0 2259.0 181.0 fallut pourtant vn Roy. Vous ſçauze
