4267 6084
801.0 381.0 2597.0 183.0 DIALOGVE

1068.0 655.0 2120.0 196.0 DV ROYAVME;

767.0 1071.0 2624.0 189.0 Auquel eſt diſcouru des vices & ver¬

943.0 1260.0 2448.0 203.0 tus des Roys, & de leur Eſtabliſſement:

950.0 1463.0 2444.0 193.0 De l’Eſtat de la Monarchie & Repu¬

892.0 1659.0 2506.0 200.0 blique, & de leurs Changemens : Du

946.0 1862.0 2452.0 189.0 Deuoir & Obligation du Roy vers Dieu

946.0 2065.0 2441.0 192.0 & le Peuple; & des Iuſtes cauſes qui

956.0 2264.0 2428.0 186.0 peuuent eſmouuoir le Peuple à s’eſleuer

946.0 2460.0 2438.0 200.0 & s'oppoſer à la Tyrannie & Jniustice

946.0 2649.0 521.0 196.0 du Roy.

757.0 2943.0 2465.0 159.0 Dieu fait regner l’Hypocrite pour les pechez du Peuple.

764.0 3170.0 2488.0 139.0 Dieu donne vn Roy en ſa fureur, & l’oſte en ſon indigna¬

1196.0 3065.0 328.0 122.0 Iob.34.

1183.0 3295.0 639.0 132.0 tion. OZee 31.

1612.0 4110.0 879.0 148.0 A PARIS,

987.0 4326.0 2177.0 162.0 Chez Didier Millot, demeurant pres

1426.0 4492.0 1333.0 165.0 la porte ſainct Iacques.

1639.0 4674.0 974.0 115.0 M. D. LXXXIX.

1379.0 4863.0 1386.0 139.0 AVEC PERMISSION.

3128.0 3782.0 240.0 0.0 L.

3032.0 3819.0 470.0 152.0 1442
