4267 6033
757.0 284.0 2249.0 299.0 DIALOGVE

938.0 596.0 1880.0 178.0 DV ROYAVME;

757.0 841.0 2263.0 164.0 Auquel eſt diſcouru des vices & vertus des

905.0 1002.0 2115.0 167.0 Roys, & de leur eſtabliſſemẽt: De l’Eſtat

905.0 1173.0 2118.0 150.0 de la Monarchie & Republique, & de

901.0 1330.0 2105.0 154.0 leurs changemens: Du deuoir & obliga¬

898.0 1494.0 2091.0 151.0 tion du Roy vers Dieu & le Peuple; &

898.0 1659.0 2112.0 157.0 des iuſtes cauſes qui peuuent eſmouuoir le

898.0 1816.0 2091.0 168.0 Ieup le a ſ'eſieuer & oppoſer à la tyran¬

901.0 1984.0 1254.0 151.0 nie & iniuſtice du Roy.

1297.0 2255.0 1709.0 154.0 EV apres que nous euſmnes re¬

1293.0 2398.0 1726.0 166.0 ceu certaines nouuelles de la

1293.0 2548.0 1711.0 176.0 mort de mõſieur de Guyſe, cõ¬

1250.0 2741.0 1743.0 144.0 me tout ce païs eſtoit en ru¬

737.0 2895.0 2259.0 161.0 meur, Ie fus veoir, auec quelques vns

737.0 3060.0 2269.0 154.0 de mes amis, vn certain perſõnage que

740.0 3207.0 2259.0 144.0 nous auõs accouſtumé de hanter; Pour,

747.0 3358.0 2256.0 178.0 par ſa douce preſence, & ſon boncõſeil,

744.0 3532.0 2259.0 144.0 receuoir aucune conſolation. Or nous

744.0 3675.0 2249.0 171.0 trouuaſmes en ſa maiſon quelques hõ¬

747.0 3847.0 2206.0 164.0 mes qui deuiſoyẽt auecques luy des af¬

744.0 3986.0 2249.0 166.0 faires d'Eſtat; Et eſtoiẽt deſia entrez, ie

3024.0 4016.0 442.0 131.0 il en a pris

764.0 4169.0 2118.0 164.0 ne ſçay cõment, ſi auãt en propos, Qu

749.0 4308.0 2229.0 166.0 l'vn d'eux ſouſtenoit que la Royauté a

3019.0 4353.0 473.0 131.0 in l. I. nu.7.

759.0 4469.0 2234.0 186.0 plus toſt eſté permiſe de Dieu, comme

3014.0 4484.0 432.0 111.0 C. de Sum.

754.0 4635.0 2234.0 166.0 enuis & contre ſon ſainct vouloir,

3019.0 4685.0 231.0 131.0 Caih:

816.0 2688.0 415.0 9.0 P

3019.0 3690.0 478.0 120.0 Iuſtitution

3006.0 3800.0 486.0 124.0 des Roys, &

3006.0 3931.0 446.0 91.0 coinment

2996.0 4135.0 513.0 111.0 mal au Peu¬

2999.0 4243.0 500.0 127.0 ple, 1o. fab.

3010.0 4581.0 496.0 138.0 Trin. & fi.

2249.0 4806.0 231.0 157.0 A i
