4267 6033
951.0 321.0 2273.0 164.0 ce qui en aduint. Tout le premier

962.0 469.0 2265.0 181.0 Roy (qui fut Saül) pourſuiuit Dauid

962.0 640.0 2252.0 177.0 ſon propre gendre pour le faire mou¬

958.0 801.0 2273.0 167.0 rir, de crainte qu’il ne regnaſt; Feit

962.0 955.0 2265.0 157.0 tuer les Preſtres; En nn ſe damna mal¬

965.0 1122.0 2266.0 144.0 heureuſement. Soubs telle domina¬

965.0 1283.0 2269.0 148.0 tion d’vn ſi meſchant homme combien

968.0 1447.0 2280.0 161.0 eſtoit le peuple miſerable: au lieu qu’au

975.0 1605.0 2279.0 164.0 parauant il auoit vn ſeul Dieu pour ſeul

982.0 1759.0 2269.0 174.0 Roy; auquel ſeruir, c’eſt Regner. Cõ¬

978.0 1923.0 2283.0 151.0 bien euſt-il eſté heureux ſi iamais

975.0 2081.0 2289.0 167.0 ne luy fuſt venu en la penſee de de¬

982.0 2248.0 2289.0 151.0 mander vn Roy? Mais vous direz

985.0 2416.0 2279.0 158.0 que peut eſtre il s’en eſt peu trouuer

992.0 2564.0 2266.0 157.0 vn bon. Ie l’accorde: Mais non plus

988.0 2714.0 2270.0 168.0 d’vn. Où eſt le ſecond? Mais où le pre¬

995.0 2889.0 2266.0 167.0 mier, qui n’ait eſté quelques fois cau¬

998.0 3039.0 2273.0 161.0 ſe du mal-heur & ruine du Peuple?

998.0 3204.0 2286.0 157.0 Le meilleur de tous les Roys qui ont

1005.0 3358.0 2273.0 171.0 regné ſur ce peuple a eſté Dauid:

1012.0 3519.0 2266.0 144.0 Neantmoins il fut adultere & homi¬

1012.0 3683.0 2266.0 154.0 cide; Et en voulant nombrer com¬

1018.0 3834.0 2273.0 161.0 bien il auoit de ſubjects, il fut cauſe

1022.0 3995.0 2272.0 157.0 de la mort de ſoixante & dix mille

1025.0 4152.0 2263.0 168.0 hommes. Quant à ſon fils, Salo¬

1039.0 4310.0 2255.0 171.0 mon, il s’eſt tant oublié que l’Egli¬

1045.0 4474.0 2249.0 137.0 ſe doubte de ſon ſalut. Tous les

1045.0 4625.0 2246.0 171.0 autres Roys d’Iſraël, dont la Chro¬

2030.0 299.0 90.0 5.0 5

2470.0 4799.0 305.0 154.0 A iij
