4267 6033
760 361 2270 161 Quels autres fondements recerchons

757 529 2283 148 nous de ce Royaume, veu que ces re¬

777 683 2259 154 gles qu’on a eſtimé fondamentales,

767 834 2279 144 ſont ſi mal aſſeureés? Venons à la vie

764 998 2276 158 de nos Roys. O Dieu, quelle horreur

760 1156 2267 157 de leurs faictz! Combien le peuple a e¬

760 1317 2226 144 ſté miſerable de leur regne! Ie ne dou

767 1484 2246 151 te que les Hiſtoriens de leur temps les

760 1638 2266 141 ont flattez cõme ils ont faict de noſtre

760 1803 2256 157 temps: Mais le tẽps qui deſcouure tout

760 1960 2250 154 no' a fait voir encores quelle a eſté leur

764 2121 2240 151 vie.Les premiers Rois, infideles, n’ont

764 2279 2251 150 eu autre but que l’ambition de dilatet

760 2426 2253 174 leurs fins, par les courſes qu’ils faiſoyẽt

760 2600 2250 158 ſur les terres voiſines, ſans loy, ſans pie¬

754 2765 2269 127 té ni iuſtice, & ſans aucune teuerence

760 2905 2260 165 du droit diuin & humain, eſtãs pluſtoſt

760 3073 2253 154 Corſaires que Roys. Rememorez vous

754 3231 2246 170 apres, la cruauté de Meroucé, qui fit

757 3381 2245 149 mourir ſon fils; l'impudicité de Childe

754 3546 2243 157 ric; l'homicide de Childebert qui tua

754 3696 2259 165 d’Iuetot dans vne Egliſe le iour du Vẽ¬

757 3857 2259 165 dredy ſainct: Ce qu’aucuns attribuẽt à

754 4018 2254 174 ce ſacrilege de Clotaire, premier, qui

760 4179 2250 158 voulut prẽdre le tiers du reuenu de l’E¬

760 4333 2253 168 gliſe; auquel l’Archeueſque de Tours

754 4497 2252 161 contredit ſi franchement, qu’il luy de¬

757 4648 2256 178 nonça qu’il ſeroit deſpouillé de ſon

3067 2121 455 132 Ph.rramond

3049 2277 428 131 2.Clodio n.

3072 1159 410 148 Inſtruction

3067 1521 184 111 Rois.

3064 1287 458 130 par les Chro

3059 1412 382 116 niques des

3034 3277 422 151 3. Meroueé.

3039 3408 478 151 a. Childeric¬

3039 3559 478 146 3. Childebert

3048 4048 417 144 5. Clotaire.

2386 4809 81 161 C

1781 231 131 105 17
