4267 6033
820.0 387.0 2259.0 150.0 relles des Rois. L’arrogance dont vla

830.0 517.0 2244.0 191.0 Dagobert ſur ſon Pedagogue, deſcou¬

830.0 693.0 2254.0 181.0 ure en ſon tendre aage de quel cœur

834.0 851.0 2199.0 154.0 il eſtoit. Il fut ſi luxurieux, que quel

837.0 1022.0 2246.0 167.0 que part qu’il allaſt, il trainoit auec¬

837.0 1186.0 2230.0 168.0 ques luy vn troupeau de put ains. Il en

837.0 1337.0 2256.0 147.0 eſtablit des Colleges & bordeaux. Il

841.0 1504.0 2266.0 158.0 enuoya Sainct Arnoul en exil: Il

837.0 1655.0 2256.0 178.0 deſpouilla ſon Peuple & les Eſgliſes

848.0 1830.0 2242.0 157.0 pour en enrichir vne. Clouis, ſecond,

844.0 1994.0 2263.0 151.0 enragea, comme on dit,pour ſes ſacri¬

851.0 2151.0 2242.0 158.0 leges. Clotaire, troiſieſme, s’eſtant

848.0 2319.0 2249.0 144.0 endormy, comme en vne mandra¬

851.0 2476.0 2249.0 151.0 core de voluptez, delices, gourman¬

851.0 2607.0 2249.0 181.0 diſes & paillardiſes, fur chaſſé du Roy¬

854.0 2788.0 2249.0 158.0 aume par Ebroin, Maire du Palais, qui

864.0 2952.0 2246.0 138.0 eſtoit cauteleux & cruel; Et fut fait

858.0 3113.0 2239.0 151.0 moine tondu. On attendit beaucoup

855.0 3242.0 2219.0 166.0 de Childeric ſon fils: Mais le peu¬

871.0 3422.0 2229.0 164.0 ple fut fruſtré de telle eſperance: Car

864.0 3596.0 2229.0 157.0 tout ſon temps il regna auec orgueil,

864.0 3747.0 2243.0 154.0 cruauté & iniuſtice. Auſſi fut-il mi¬

868.0 3901.0 2242.0 164.0 ſerablement tué par Bodile, qu’il a¬

874.0 4065.0 2236.0 161.0 uoit faict lier & fuſtiger à vn pillier.

874.0 4229.0 2246.0 154.0 Durant ſon regne quelles miſeres ſe

875.0 4368.0 2229.0 156.0 veirent? Son frere Ebroin qui auoit e¬

871.0 4541.0 2239.0 151.0 ſté Moine, iettant le froc aux orties,

874.0 4705.0 2249.0 208.0 amaſſe vne grande compagnie de meſ¬

3119 356 358 141 Horace I.

3109 583 383 161 Quicquid

3109 718 463 116 delirant re¬

3104 482 211 131 Epiſt.

3099 819 473 146 ges plectan¬

3109 945 418 115 tur achiui.

3134 3348 448 126 14 childerie.

3129 4394 272 155 Ebroin.

1886.0 226.0 126.0 135.0 19

3114 1196 468 116 11. Dagobert

3119 1784 378 116 12. clouis.

3137 2124 416 128 2 clotaire.

2390 4886 216 126 C i
