4267 6033
757.0 596.0 386.0 107.0 con de du

764.0 697.0 275.0 127.0 Tillce:

1267.0 325.0 2282.0 167.0 chans; prend le Royaume, ayant tué

807.0 475.0 477.0 131.0 Petit chron

1302.0 479.0 2244.0 171.0 traiſtrement Landreſil, en deuiſant a¬

1287.0 650.0 2259.0 164.0 uccques luy. Sainct. Leger eſt decapité

1287.0 817.0 2262.0 165.0 apres ſa longue detention en priſon, a¬

1300.0 968.0 2253.0 158.0 pres auſſi qu’on luy euſtcerné & arraché

1290.0 1129.0 2263.0 154.0 les yeux hors de la teſte & miſerable¬

1287.0 1293.0 2262.0 151.0 ment mutilé tout le corps: Seuerin ſon

1287.0 1447.0 2262.0 151.0 frere lapidé. Saint Amand meurt en

1290.0 1612.0 2259.0 137.0 exil.Il fait mourir le Duc Martin, con¬

1290.0 1766.0 2259.0 161.0 tre ſa foy, en le faiſant venir parler

1297.0 1923.0 2245.0 158.0 à luy en ſeureté: Auſſi fut-il miſera¬

1287.0 2084.0 2259.0 161.0 bement tué dans ſon lict. Diray-ie

1290.0 2248.0 2252.0 158.0 les adulteres, maſſacres, trahiſons,

1293.0 2416.0 2246.0 154.0 guerres domeſtiques & inteſtines,

1297.0 2570.0 2249.0 138.0 & troubles dont la France fut vexce

1293.0 2728.0 2249.0 157.0 dés & depuis ce temps? Cõbien d’En¬

1287.0 2889.0 2266.0 137.0 fans de Rois on faiſoit mourir de mort

1287.0 3050.0 2249.0 134.0 naturelle & ciuile, en les faiſant en¬

1280.0 3204.0 2259.0 167.0 trer en Religion, pour la cupidité

1280.0 3371.0 2252.0 161.0 que les autres auoyent de regner ſeuls,

1280.0 3525.0 2259.0 155.0 & de crainte qu’ils ne paruinſent à la

1277.0 3690.0 2265.0 147.0 couronne? Toute ceſte premiere, com¬

1273.0 3834.0 2269.0 161.0 me adoleſcẽce du Royaume, a eſté mal

1280.0 4001.0 2273.0 158.0 gouuernee, desbauchee & effrenee.

1273.0 4166.0 2269.0 157.0 Mais, pour le vray dire, tout le Royau¬

1270.0 4313.0 2242.0 158.0 me depuis cét Ebroin, a eſté ſans Roys,

1273.0 4471.0 2256.0 161.0 ſino en paincture: Et la raiſon de ce eſt

2306.0 214.0 201.0 111.0 20
