4267 6033
1260.0 331.0 2256.0 154.0 lan, qui auoit eſté le plus fauori de ſes

1256.0 499.0 2256.0 144.0 courtiſans; avant eſté accuſé par la ſe¬

1260.0 660.0 2256.0 130.0 code femme du Roy, d’auoir fait mou¬

1256.0 817.0 2270.0 154.0 tir, par poiſon, Louis, ſon fils aiſne, dõt

1260.0 982.0 2262.0 147.0 elle eſtoit maraſtre. Ce Roy enuoya

1260.0 1146.0 2256.0 124.0 aucuns Prelats vcoir vne vielle ſorcic¬

1260.0 1300.0 2205.0 154.0 r'e, pour ſçauoſt d’elle ce qui en eſtoit.

1260.0 1464.0 2262.0 144.0 Il fut induit à faire la guerre contre le

1267.0 1618.0 2249.0 151.0 Roy de Sicile. Lors turent dites les

1260.0 1779.0 2259.0 151.0 veſpres Siciliennes, eſquelles vn iour

1256.0 1937.0 2240.0 151.0 de Paſques tous les Frãçois furẽt tuez.

1256.0 2094.0 2253.0 161.0 Philippes le Bei eut guerre cõtre l’An¬

1267.0 2265.0 2245.0 154.0 glois; auec lequel ayant fait paix, ils

1256.0 2429.0 2256.0 145.0 entreprirent guerre enſéblement con¬

1256.0 2580.0 2263.0 154.0 ire l’Empereur, ſoubs precexte que pre¬

1260.0 2738.0 2262.0 157.0 noit le Bel, qu’il auoit pris de l’argent

1263.0 2899.0 2263.0 151.0 de l’Anglois pour faire la guerre: Et de

1263.0 3060.0 2263.0 157.0 la part de l’Anglois, que l’Empereui ne

1267.0 3220.0 2255.0 145.0 luy auoit tenu promeſie; Et le feirent

1267.0 3375.0 2245.0 157.0 priuer de l’Empire. Ayant reduit la

1267.0 3532.0 2249.0 138.0 Flandre en ſon obeiſſance, il accabla le

1256.0 3690.0 2260.0 157.0 menu l’euple d’impoſitions & maleto¬

1260.0 3851.0 2249.0 157.0 ſtes, pour deſcharger les plus riches;

1256.0 4008.0 2253.0 154.0 dont le Peuple ſe reuolta contre luy:

1260.0 4172.0 2256.0 151.0 Pourquoy il y enuoya bon nombre de

1267.0 4327.0 2245.0 154.0 François. La nuict, chaſque habitant

1256.0 4484.0 2253.0 158.0 tua ſon hoſte. Il tut ſi arrogant, qu’il cſ¬

1263.0 4648.0 2239.0 154.0 cemit au Pape Bontface, autheur des

744.0 1987.0 476.0 154.0 Philippes le

750.0 2111.0 171.0 114.0 Bel.

2344.0 196.0 136.0 150.0 30
