<?xml version="1.0" encoding="UTF-8"?>
<alto xmlns:xsi="http://www.w3.org/2001/XMLSchema-instance"
      xmlns="http://www.loc.gov/standards/alto/ns-v4#"
      xsi:schemaLocation="http://www.loc.gov/standards/alto/ns-v4# http://www.loc.gov/standards/alto/v4/alto-4-2.xsd">
  <Description>
    <MeasurementUnit>pixel</MeasurementUnit>
    <sourceImageInformation>
      <fileName>p_037.png</fileName>
    </sourceImageInformation>
  </Description>
  <Tags>
    <OtherTag ID="BT7" LABEL="CustomZone" DESCRIPTION="block type CustomZone"/><OtherTag ID="BT8" LABEL="DamageZone" DESCRIPTION="block type DamageZone"/><OtherTag ID="BT9" LABEL="DigitizationArtefactZone" DESCRIPTION="block type DigitizationArtefactZone"/><OtherTag ID="BT10" LABEL="DropCapitalZone" DESCRIPTION="block type DropCapitalZone"/><OtherTag ID="BT11" LABEL="GraphicZone" DESCRIPTION="block type GraphicZone"/><OtherTag ID="BT12" LABEL="MainZone" DESCRIPTION="block type MainZone"/><OtherTag ID="BT13" LABEL="MarginTextZone" DESCRIPTION="block type MarginTextZone"/><OtherTag ID="BT14" LABEL="MusicZone" DESCRIPTION="block type MusicZone"/><OtherTag ID="BT15" LABEL="NumberingZone" DESCRIPTION="block type NumberingZone"/><OtherTag ID="BT17" LABEL="QuireMarksZone" DESCRIPTION="block type QuireMarksZone"/><OtherTag ID="BT18" LABEL="RunningTitleZone" DESCRIPTION="block type RunningTitleZone"/><OtherTag ID="BT19" LABEL="SealZone" DESCRIPTION="block type SealZone"/><OtherTag ID="BT20" LABEL="StampZone" DESCRIPTION="block type StampZone"/><OtherTag ID="BT21" LABEL="TableZone" DESCRIPTION="block type TableZone"/><OtherTag ID="BT22" LABEL="TitlePageZone" DESCRIPTION="block type TitlePageZone"/><OtherTag ID="BT100006" LABEL="MainZone-Continued" DESCRIPTION="block type MainZone-Continued"/><OtherTag ID="BT100009" LABEL="MarginTextZone-Notes" DESCRIPTION="block type MarginTextZone-Notes"/><OtherTag ID="BT100007" LABEL="MarginTextZone-ManuscriptAddendum" DESCRIPTION="block type MarginTextZone-ManuscriptAddendum"/><OtherTag ID="BT100001" LABEL="MainZone-Head" DESCRIPTION="block type MainZone-Head"/><OtherTag ID="BT100005" LABEL="MainZone-P" DESCRIPTION="block type MainZone-P"/>
    <OtherTag ID="LT7" LABEL="CustomLine" DESCRIPTION="line type CustomLine"/><OtherTag ID="LT8" LABEL="DefaultLine" DESCRIPTION="line type DefaultLine"/><OtherTag ID="LT9" LABEL="DropCapitalLine" DESCRIPTION="line type DropCapitalLine"/><OtherTag ID="LT10" LABEL="HeadingLine" DESCRIPTION="line type HeadingLine"/><OtherTag ID="LT11" LABEL="InterlinearLine" DESCRIPTION="line type InterlinearLine"/><OtherTag ID="LT12" LABEL="MusicLine" DESCRIPTION="line type MusicLine"/>
  </Tags>
  <Layout>
    <Page WIDTH="4267"
          HEIGHT="6033"
          PHYSICAL_IMG_NR="11"
          ID="eSc_dummypage_">
      <PrintSpace HPOS="0"
                  VPOS="0"
                  WIDTH="4267"
                  HEIGHT="6033">
        <TextBlock HPOS="1162"
                   VPOS="353"
                   WIDTH="2332"
                   HEIGHT="4540"
                   ID="eSc_textblock_8486b6aa"
                   TAGREFS="BT100006">
          <Shape><Polygon POINTS="3494 4893 3494 368 1162 353 1184 4893"/></Shape>
          <TextLine ID="eSc_line_bde48621"
                    TAGREFS="LT8"
                    BASELINE="1176 452 3452 452" 
                    HPOS="1176"
                    VPOS="331"
                    WIDTH="2276"
                    HEIGHT="141">
            <Shape><Polygon POINTS="3445 368 2862 368 2822 348 2818 348 2815 348 2715 365 2661 331 2658 331 2654 331 2510 331 2507 331 2503 331 2436 368 2105 368 2064 348 2061 348 2058 348 2054 348 2001 365 1917 331 1913 331 1910 331 1810 355 1783 335 1783 331 1779 331 1776 331 1652 331 1649 331 1645 331 1642 331 1595 365 1548 331 1545 331 1541 331 1444 331 1441 331 1437 331 1434 331 1394 368 1317 368 1280 335 1280 331 1277 331 1273 331 1223 331 1220 331 1216 331 1213 331 1176 358 1176 452 1176 472 3452 472 3452 452 3452 372 3445 368"/></Shape>
            <String CONTENT="ſon fils. C&#x27;eſtoit vn incõſtant, vn caute¬"
                    HPOS="1176"
                    VPOS="331"
                    WIDTH="2276"
                    HEIGHT="141"
                    WC="0.9898789330970409"></String>
          </TextLine>
          <TextLine ID="eSc_line_0ca4636c"
                    TAGREFS="LT8"
                    BASELINE="1179 613 3452 606" 
                    HPOS="1176"
                    VPOS="506"
                    WIDTH="2276"
                    HEIGHT="157">
            <Shape><Polygon POINTS="1179 613 1179 636 1454 636 1501 660 1505 660 1508 660 1511 660 1515 660 1515 656 1545 633 1722 633 1796 660 1799 660 1803 663 1957 663 1957 660 1960 660 2037 633 2252 633 2316 656 2319 656 2322 656 2326 656 2329 656 2373 630 2557 630 2584 653 2584 656 2587 656 2591 656 2594 656 2795 630 2912 656 2916 656 2919 656 2983 633 3087 633 3144 656 3147 656 3150 656 3311 636 3418 650 3422 650 3425 650 3429 650 3452 630 3452 606 3442 529 3234 529 3180 506 3177 506 3174 506 2983 529 1176 519 1179 613"/></Shape>
            <String CONTENT="leux, vn hypocrite, moqueur, trõpeur"
                    HPOS="1176"
                    VPOS="506"
                    WIDTH="2276"
                    HEIGHT="157"
                    WC="0.9981418123116365"></String>
          </TextLine>
          <TextLine ID="eSc_line_4fe8b4ff"
                    TAGREFS="LT8"
                    BASELINE="1179 774 3455 774" 
                    HPOS="1179"
                    VPOS="666"
                    WIDTH="2276"
                    HEIGHT="155">
            <Shape><Polygon POINTS="1179 774 1179 794 1303 817 1307 817 1696 797 1789 817 1793 817 1796 817 1799 817 1833 797 2591 797 2637 817 2641 817 2644 821 2815 821 2815 817 2818 817 2869 797 3378 814 3382 814 3455 797 3455 774 3455 697 2966 666 2963 666 2959 666 2869 697 2661 697 2607 666 2604 666 2520 666 2517 666 2513 666 2456 690 1994 677 1991 677 1334 693 1226 666 1223 666 1220 666 1216 666 1213 666 1179 687 1179 774"/></Shape>
            <String CONTENT="&amp; pariure; autant timide, que deſireux"
                    HPOS="1179"
                    VPOS="666"
                    WIDTH="2276"
                    HEIGHT="155"
                    WC="0.9978645930164739"></String>
          </TextLine>
          <TextLine ID="eSc_line_312209f5"
                    TAGREFS="LT8"
                    BASELINE="1176 928 3452 935" 
                    HPOS="1173"
                    VPOS="811"
                    WIDTH="2279"
                    HEIGHT="164">
            <Shape><Polygon POINTS="1176 928 1173 945 1236 968 1240 968 1243 968 1246 968 1290 951 1310 968 1313 968 1317 968 1320 971 1555 971 1555 968 1558 968 1561 968 1585 951 1612 971 1615 971 1618 971 1622 971 1947 951 2473 975 2477 975 2748 955 3177 955 3221 975 3224 975 3227 975 3449 955 3452 935 3452 851 3378 814 3375 814 3372 814 3368 814 3258 847 3147 844 3117 817 3117 814 3113 814 3110 814 3026 814 3023 814 3020 814 3016 814 2976 851 2899 851 2862 817 2862 814 2859 814 2855 814 2802 814 2798 814 2795 814 2792 814 2751 847 2658 847 2621 814 2617 814 2614 814 2611 814 2607 814 2510 847 2423 814 2420 814 2416 814 2255 844 2215 811 2212 811 2208 811 2205 811 2202 811 2128 827 2021 811 2017 811 2014 811 2011 811 1970 847 1474 847 1401 811 1397 811 1394 811 1391 811 1387 811 1340 841 1307 814 1307 811 1303 811 1300 811 1243 811 1240 811 1236 811 1176 841 1176 928"/></Shape>
            <String CONTENT="d’eſtre craint: Il foulla plus ſon Peuple"
                    HPOS="1173"
                    VPOS="811"
                    WIDTH="2279"
                    HEIGHT="164"
                    WC="0.9934821972032872"></String>
          </TextLine>
          <TextLine ID="eSc_line_4c141df3"
                    TAGREFS="LT8"
                    BASELINE="1173 1092 3449 1092" 
                    HPOS="1173"
                    VPOS="982"
                    WIDTH="2276"
                    HEIGHT="154">
            <Shape><Polygon POINTS="1173 1092 1173 1112 1240 1132 1243 1132 1246 1132 1334 1116 1401 1132 1404 1132 1407 1132 2161 1116 2185 1132 2188 1132 2192 1132 2195 1132 2416 1119 2537 1136 2540 1136 2544 1136 2614 1116 2637 1136 2641 1136 2644 1136 2648 1136 2852 1116 3003 1136 3006 1136 3103 1116 3418 1132 3422 1132 3425 1132 3429 1132 3449 1116 3449 1092 3449 1018 3140 1015 3103 982 3100 982 3097 982 3093 982 2886 1015 2487 1015 2423 982 2420 982 2299 982 2296 982 2292 982 2225 1018 2138 1018 2078 982 2074 982 2071 982 2014 982 2011 982 2007 982 2004 982 1967 1015 1877 982 1873 982 1870 982 1867 982 1863 982 1810 1015 1608 1015 1572 982 1568 982 1565 982 1501 982 1498 982 1494 982 1491 982 1491 985 1461 1012 1337 1015 1283 982 1280 982 1277 982 1216 982 1213 982 1210 982 1206 982 1173 1008 1173 1092"/></Shape>
            <String CONTENT="de tributs &amp; de tailles, que nul autre"
                    HPOS="1173"
                    VPOS="982"
                    WIDTH="2276"
                    HEIGHT="154"
                    WC="0.9936177573705974"></String>
          </TextLine>
          <TextLine ID="eSc_line_bf1e7fe3"
                    TAGREFS="LT8"
                    BASELINE="1179 1260 3439 1250" 
                    HPOS="1176"
                    VPOS="1142"
                    WIDTH="2263"
                    HEIGHT="165">
            <Shape><Polygon POINTS="1179 1260 1179 1276 1427 1307 1431 1307 1434 1307 1508 1276 1830 1276 1924 1307 1927 1307 1930 1307 1934 1307 1937 1307 1987 1273 2034 1303 2037 1303 2041 1303 2044 1307 2148 1307 2148 1303 2151 1303 2249 1273 2678 1273 2822 1300 2825 1300 2829 1300 2902 1280 3382 1290 3385 1290 3388 1290 3439 1266 3439 1250 3432 1176 3288 1176 3237 1142 3234 1142 3231 1142 3227 1142 3060 1176 2751 1176 2688 1146 2684 1146 2617 1146 2614 1146 2611 1146 2607 1146 2570 1176 2410 1176 2379 1149 2379 1146 2376 1146 2373 1146 2302 1146 2299 1146 2296 1146 2292 1146 2292 1149 2259 1176 2148 1159 2145 1159 1994 1176 1967 1159 1964 1159 1960 1159 1957 1159 1699 1179 1635 1149 1632 1149 1555 1149 1551 1149 1548 1149 1545 1149 1545 1152 1511 1179 1364 1163 1360 1163 1357 1163 1320 1176 1293 1152 1293 1149 1290 1149 1287 1149 1283 1149 1176 1156 1179 1260"/></Shape>
            <String CONTENT="Roy. Ie n’ay que faire de particulari¬"
                    HPOS="1176"
                    VPOS="1142"
                    WIDTH="2263"
                    HEIGHT="165"
                    WC="0.9972821976009169"></String>
          </TextLine>
          <TextLine ID="eSc_line_600c1ded"
                    TAGREFS="LT8"
                    BASELINE="1176 1417 3445 1411" 
                    HPOS="1173"
                    VPOS="1303"
                    WIDTH="2272"
                    HEIGHT="158">
            <Shape><Polygon POINTS="1176 1417 1176 1437 1960 1461 1964 1461 1967 1461 2021 1437 2420 1457 2423 1457 2426 1457 2507 1437 3016 1454 3020 1454 3023 1454 3026 1454 3050 1434 3368 1454 3372 1454 3375 1454 3445 1431 3445 1411 3439 1337 3284 1337 3251 1307 3251 1303 3248 1303 3244 1303 3103 1303 3100 1303 3097 1303 3093 1303 3093 1307 3060 1333 2580 1317 2577 1317 2430 1333 2232 1307 2229 1307 2225 1307 2222 1307 2222 1310 2188 1337 2071 1307 2068 1307 2064 1307 2061 1307 2058 1307 2011 1340 1622 1340 1538 1337 1494 1307 1491 1307 1488 1307 1401 1307 1397 1307 1394 1307 1391 1307 1391 1310 1360 1333 1213 1307 1210 1307 1206 1307 1203 1307 1203 1310 1173 1333 1176 1417"/></Shape>
            <String CONTENT="ſer d’auantage ſes deportemens. Char¬"
                    HPOS="1173"
                    VPOS="1303"
                    WIDTH="2272"
                    HEIGHT="158"
                    WC="0.987925233067693"></String>
          </TextLine>
          <TextLine ID="eSc_line_6009aee8"
                    TAGREFS="LT8"
                    BASELINE="1213 1567 1220 1568 1498 1575 3445 1578" 
                    HPOS="1207"
                    VPOS="1452"
                    WIDTH="2234"
                    HEIGHT="156">
            <Shape><Polygon POINTS="1212 1563 1207 1608 3436 1608 3441 1573 3441 1478 3346 1452 3341 1452 3336 1452 3331 1452 3220 1488 2369 1488 2219 1452 2214 1452 1967 1483 1886 1452 1881 1452 1620 1452 1615 1452 1610 1452 1549 1483 1212 1452 1212 1563"/></Shape>
            <String CONTENT="les huictieſme, eſtoit vn pauure petit"
                    HPOS="1207"
                    VPOS="1452"
                    WIDTH="2234"
                    HEIGHT="156"
                    WC="0.9894782320449227"></String>
          </TextLine>
          <TextLine ID="eSc_line_df53fcc2"
                    TAGREFS="LT8"
                    BASELINE="1198 1742 3445 1732" 
                    HPOS="1192"
                    VPOS="1608"
                    WIDTH="2249"
                    HEIGHT="171">
            <Shape><Polygon POINTS="1197 1739 1197 1779 3436 1764 3441 1729 3436 1649 3310 1608 3305 1608 3300 1608 3295 1608 3190 1638 3124 1608 3119 1608 3114 1608 2923 1643 2782 1608 2777 1608 2772 1608 2767 1608 2762 1608 2762 1613 2727 1649 2515 1649 2445 1608 2440 1608 2435 1608 2430 1608 2279 1654 2143 1654 2073 1613 2068 1613 2063 1613 1907 1649 1871 1618 1871 1613 1866 1613 1861 1613 1856 1613 1660 1649 1192 1618 1197 1739"/></Shape>
            <String CONTENT="Roy morfondu, qui ne ſçauoit lire"
                    HPOS="1192"
                    VPOS="1608"
                    WIDTH="2249"
                    HEIGHT="171"
                    WC="0.9985131796668557"></String>
          </TextLine>
          <TextLine ID="eSc_line_d39ef33c"
                    TAGREFS="LT8"
                    BASELINE="1194 1900 3442 1893" 
                    HPOS="1187"
                    VPOS="1774"
                    WIDTH="2254"
                    HEIGHT="166">
            <Shape><Polygon POINTS="1192 1895 1192 1940 3436 1930 3441 1890 3436 1804 3346 1774 3341 1774 3336 1774 3331 1774 3280 1799 3245 1774 3240 1774 3235 1774 3230 1774 3225 1774 3154 1799 2656 1774 2651 1774 2289 1799 2123 1774 2118 1774 1972 1799 1781 1774 1776 1774 1771 1774 1766 1774 1766 1779 1741 1804 1418 1804 1383 1774 1378 1774 1373 1774 1368 1774 1187 1804 1192 1895"/></Shape>
            <String CONTENT="n’eſcrire; Il rendit &amp; perdit tout plain"
                    HPOS="1187"
                    VPOS="1774"
                    WIDTH="2254"
                    HEIGHT="166"
                    WC="0.9964889079332352"></String>
          </TextLine>
          <TextLine ID="eSc_line_ce46a875"
                    TAGREFS="LT8"
                    BASELINE="1204 2057 3432 2051" 
                    HPOS="1197"
                    VPOS="1925"
                    WIDTH="2234"
                    HEIGHT="171">
            <Shape><Polygon POINTS="1202 2056 1202 2096 3426 2081 3431 2046 3421 1965 3270 1965 3220 1925 3215 1925 3210 1925 3205 1925 3200 1925 3119 1965 2958 1965 2923 1930 2923 1925 2918 1925 2913 1925 2908 1925 2903 1925 2807 1965 2717 1965 2681 1930 2681 1925 2676 1925 2671 1925 2666 1925 2465 1950 2410 1925 2405 1925 2400 1925 2395 1925 2299 1965 2208 1930 2203 1930 2198 1930 2193 1930 2088 1970 1690 1970 1574 1930 1569 1930 1564 1930 1559 1930 1434 1965 1393 1930 1388 1930 1383 1930 1378 1930 1197 1950 1202 2056"/></Shape>
            <String CONTENT="de belles terres; il ne laiſſa point d’en¬"
                    HPOS="1197"
                    VPOS="1925"
                    WIDTH="2234"
                    HEIGHT="171"
                    WC="0.9974683083239055"></String>
          </TextLine>
          <TextLine ID="eSc_line_2596749b"
                    TAGREFS="LT8"
                    BASELINE="1217 2204 1494 2218 3439 2212" 
                    HPOS="1212"
                    VPOS="2086"
                    WIDTH="2224"
                    HEIGHT="176">
            <Shape><Polygon POINTS="1212 2262 3431 2242 3436 2207 3426 2121 3326 2121 3295 2091 3295 2086 3275 2086 3195 2116 2953 2086 2953 2091 2923 2121 2752 2121 2722 2091 2722 2086 2702 2086 2596 2111 2541 2086 2525 2086 2455 2121 2304 2091 2294 2091 2214 2121 2123 2091 2103 2091 2103 2096 2073 2126 1962 2126 1932 2096 1932 2091 1705 2116 1554 2091 1539 2091 1539 2096 1509 2126 1303 2126 1212 2091 1212 2262"/></Shape>
            <String CONTENT="fant: Mais Louis douzieſme, luy ſuc¬"
                    HPOS="1212"
                    VPOS="2086"
                    WIDTH="2224"
                    HEIGHT="176"
                    WC="0.9895850221316019"></String>
          </TextLine>
          <TextLine ID="eSc_line_fb84073a"
                    TAGREFS="LT8"
                    BASELINE="1204 2383 3432 2372" 
                    HPOS="1197"
                    VPOS="2262"
                    WIDTH="2234"
                    HEIGHT="171">
            <Shape><Polygon POINTS="1202 2378 1202 2418 2304 2433 2309 2433 3170 2403 3391 2428 3396 2428 3401 2428 3406 2428 3406 2423 3431 2398 3431 2367 3416 2282 3154 2292 2973 2262 2968 2262 2963 2262 2958 2262 2958 2267 2928 2297 2742 2297 2566 2262 2561 2262 2304 2297 2088 2267 2083 2267 2078 2267 2012 2302 1459 2302 1328 2267 1323 2267 1318 2267 1197 2292 1202 2378"/></Shape>
            <String CONTENT="ceda, comme plus proche. Ce Roy"
                    HPOS="1197"
                    VPOS="2262"
                    WIDTH="2234"
                    HEIGHT="171"
                    WC="0.9935328845054873"></String>
          </TextLine>
          <TextLine ID="eSc_line_6a4759f2"
                    TAGREFS="LT8"
                    BASELINE="1199 2548 3442 2533" 
                    HPOS="1192"
                    VPOS="2413"
                    WIDTH="2249"
                    HEIGHT="166">
            <Shape><Polygon POINTS="1197 2543 1197 2579 3441 2564 3441 2528 3426 2443 2797 2443 2687 2413 2681 2413 2676 2413 2671 2413 2666 2413 2666 2418 2636 2443 2611 2418 2606 2418 2601 2418 2596 2418 2359 2448 2173 2418 2168 2418 2163 2418 2042 2448 1846 2423 1841 2423 1836 2423 1831 2423 1831 2428 1801 2453 1192 2453 1197 2543"/></Shape>
            <String CONTENT="augmenta ſes tailles; il fit guerre au"
                    HPOS="1192"
                    VPOS="2413"
                    WIDTH="2249"
                    HEIGHT="166"
                    WC="0.998791831104379"></String>
          </TextLine>
          <TextLine ID="eSc_line_7fd5511d"
                    TAGREFS="LT8"
                    BASELINE="1169 2704 3429 2698" 
                    HPOS="1166"
                    VPOS="2580"
                    WIDTH="2263"
                    HEIGHT="175">
            <Shape><Polygon POINTS="1169 2704 1169 2724 1267 2724 1310 2751 1313 2751 1317 2751 1320 2755 1394 2755 1394 2751 1397 2751 1401 2751 1401 2748 1424 2728 1501 2751 1505 2751 1508 2751 1716 2724 1749 2741 1753 2741 1756 2741 1759 2741 1763 2741 1786 2724 1823 2751 1826 2751 1830 2751 1833 2751 2074 2721 2865 2721 3003 2748 3006 2748 3167 2728 3422 2734 3429 2698 3422 2621 3301 2617 3261 2580 3258 2580 3254 2580 3251 2580 3248 2580 3120 2621 3016 2621 2956 2580 2953 2580 2949 2580 2909 2580 2906 2580 2902 2580 2899 2580 2859 2617 2795 2580 2792 2580 2671 2580 2668 2580 2664 2580 2661 2580 2617 2614 2473 2580 2470 2580 2467 2580 2463 2580 2463 2584 2426 2617 2286 2621 2218 2621 2175 2584 2172 2584 2168 2584 2118 2584 2115 2584 2111 2584 2108 2584 2064 2621 1639 2621 1598 2584 1595 2584 1592 2584 1538 2584 1535 2584 1531 2584 1528 2584 1484 2624 1337 2624 1267 2584 1263 2584 1260 2584 1166 2600 1169 2704"/></Shape>
            <String CONTENT="Pape, ſon regne fut miſerable de peſtes,"
                    HPOS="1166"
                    VPOS="2580"
                    WIDTH="2263"
                    HEIGHT="175"
                    WC="0.9897062808275223"></String>
          </TextLine>
          <TextLine ID="eSc_line_47770536"
                    TAGREFS="LT8"
                    BASELINE="1166 2858 3425 2852" 
                    HPOS="1163"
                    VPOS="2748"
                    WIDTH="2262"
                    HEIGHT="154">
            <Shape><Polygon POINTS="1166 2858 1166 2882 1796 2899 1799 2899 1803 2899 1850 2882 1883 2902 1887 2902 1890 2902 1893 2902 1897 2902 1980 2882 2239 2902 2242 2902 2534 2879 2889 2899 2892 2899 2896 2899 2899 2899 2929 2879 2979 2899 2983 2899 2986 2899 2989 2899 2993 2899 3020 2879 3197 2899 3201 2899 3204 2899 3251 2879 3304 2899 3308 2899 3311 2899 3422 2875 3425 2852 3422 2778 3382 2748 3378 2748 3375 2748 3274 2748 3271 2748 3268 2748 3264 2748 3227 2781 2765 2781 2705 2748 2701 2748 2631 2748 2627 2748 2624 2748 2621 2748 2584 2781 2286 2785 2128 2785 2074 2751 2071 2751 2068 2751 2014 2751 2011 2751 2007 2751 2004 2751 2004 2755 1977 2778 1903 2755 1900 2755 1897 2755 1893 2755 1840 2785 1575 2785 1474 2778 1448 2755 1448 2751 1444 2751 1441 2751 1364 2751 1360 2751 1357 2751 1354 2751 1320 2778 1199 2751 1196 2751 1193 2751 1189 2751 1189 2755 1163 2778 1166 2858"/></Shape>
            <String CONTENT="de famines &amp; de guerre. Ie ne vous di¬"
                    HPOS="1163"
                    VPOS="2748"
                    WIDTH="2262"
                    HEIGHT="154"
                    WC="0.9879702533546247"></String>
          </TextLine>
          <TextLine ID="eSc_line_4326bd84"
                    TAGREFS="LT8"
                    BASELINE="1163 3023 3408 3013" 
                    HPOS="1159"
                    VPOS="2909"
                    WIDTH="2249"
                    HEIGHT="161">
            <Shape><Polygon POINTS="1163 3023 1163 3046 1448 3070 1451 3070 1454 3070 1538 3046 1702 3063 1706 3063 1709 3063 1712 3063 1736 3046 1823 3060 1826 3060 2322 3043 2627 3066 2631 3066 2634 3066 2688 3039 3137 3063 3140 3063 3405 3036 3408 3013 3398 2936 3060 2936 2979 2909 2976 2909 2731 2909 2728 2909 2725 2909 2637 2942 2309 2942 2192 2912 2188 2912 2185 2912 2182 2912 2138 2939 1997 2912 1994 2912 1991 2912 1867 2942 1739 2915 1736 2915 1732 2915 1665 2946 1159 2946 1163 3023"/></Shape>
            <String CONTENT="ray point le reſte du temps de François"
                    HPOS="1159"
                    VPOS="2909"
                    WIDTH="2249"
                    HEIGHT="161"
                    WC="0.9901427119970322"></String>
          </TextLine>
          <TextLine ID="eSc_line_afe1184e"
                    TAGREFS="LT8"
                    BASELINE="1202 3171 3432 3177" 
                    HPOS="1192"
                    VPOS="3056"
                    WIDTH="2239"
                    HEIGHT="176">
            <Shape><Polygon POINTS="1197 3167 1192 3222 2410 3207 3134 3232 3139 3232 3426 3202 3431 3172 3421 3056 3044 3086 2943 3056 2938 3056 2933 3056 2762 3081 2611 3056 2606 3056 2601 3056 2541 3086 2309 3056 2304 3056 2299 3056 2173 3091 2058 3091 2022 3056 2017 3056 2012 3056 2007 3056 2002 3056 1917 3086 1197 3076 1197 3167"/></Shape>
            <String CONTENT="premier, qui fut aſſez miſerable, quand"
                    HPOS="1192"
                    VPOS="3056"
                    WIDTH="2239"
                    HEIGHT="176"
                    WC="0.977657253925617"></String>
          </TextLine>
          <TextLine ID="eSc_line_13149daf"
                    TAGREFS="LT8"
                    BASELINE="1204 3344 3432 3331" 
                    HPOS="1197"
                    VPOS="3212"
                    WIDTH="2234"
                    HEIGHT="166">
            <Shape><Polygon POINTS="1202 3343 1202 3378 3426 3358 3431 3328 3421 3247 3134 3247 3099 3212 3094 3212 3089 3212 3084 3212 3079 3212 3074 3212 3024 3242 2853 3212 2848 3212 2842 3212 2837 3212 2802 3242 2546 3217 2541 3217 2380 3247 2294 3217 2289 3217 2284 3217 2279 3217 2274 3217 2274 3222 2249 3247 1886 3252 1197 3227 1202 3343"/></Shape>
            <String CONTENT="il n’y auroit cu que ſa priſon; Et des re¬"
                    HPOS="1197"
                    VPOS="3212"
                    WIDTH="2234"
                    HEIGHT="166"
                    WC="0.9902521811780476"></String>
          </TextLine>
          <TextLine ID="eSc_line_fbf5663f"
                    TAGREFS="LT8"
                    BASELINE="1197 3510 1350 3502 3435 3495" 
                    HPOS="1187"
                    VPOS="3388"
                    WIDTH="2244"
                    HEIGHT="166">
            <Shape><Polygon POINTS="1192 3509 1192 3554 1459 3524 2098 3549 2103 3549 3426 3519 3431 3494 3416 3393 1695 3413 1509 3388 1504 3388 1499 3388 1494 3388 1494 3393 1469 3418 1187 3418 1192 3509"/></Shape>
            <String CONTENT="gnes des autres, iuſques à nous: car"
                    HPOS="1187"
                    VPOS="3388"
                    WIDTH="2244"
                    HEIGHT="166"
                    WC="0.9894785381652214"></String>
          </TextLine>
          <TextLine ID="eSc_line_6eb93c5e"
                    TAGREFS="LT8"
                    BASELINE="1196 3648 1243 3656 3432 3660" 
                    HPOS="1187"
                    VPOS="3559"
                    WIDTH="2244"
                    HEIGHT="151">
            <Shape><Polygon POINTS="1192 3644 1187 3690 3230 3710 3235 3710 3426 3680 3431 3654 3421 3559 1192 3559 1192 3644"/></Shape>
            <String CONTENT="c’eſt choſe que vous tous, ou la plus part"
                    HPOS="1187"
                    VPOS="3559"
                    WIDTH="2244"
                    HEIGHT="151"
                    WC="0.9994598470983052"></String>
          </TextLine>
          <TextLine ID="eSc_line_a68c921d"
                    TAGREFS="LT8"
                    BASELINE="1204 3838 1307 3820 3405 3817" 
                    HPOS="1197"
                    VPOS="3730"
                    WIDTH="2204"
                    HEIGHT="131">
            <Shape><Polygon POINTS="1202 3835 1202 3861 3396 3856 3401 3815 3391 3730 1197 3730 1202 3835"/></Shape>
            <String CONTENT="auez veu &amp; congneu mieux que moy."
                    HPOS="1197"
                    VPOS="3730"
                    WIDTH="2204"
                    HEIGHT="131"
                    WC="0.9981721729943247"></String>
          </TextLine>
          <TextLine ID="eSc_line_2d9e78aa"
                    TAGREFS="LT8"
                    BASELINE="1200 3985 3429 3975" 
                    HPOS="1159"
                    VPOS="3871"
                    WIDTH="2270"
                    HEIGHT="151">
            <Shape><Polygon POINTS="1163 4001 1632 4001 1682 4022 1686 4022 1689 4022 1786 4001 1907 4018 1910 4018 2168 4005 2195 4022 2198 4022 2202 4022 2205 4022 2366 4001 2678 4001 2721 4018 2725 4018 2728 4018 2731 4018 2802 3998 2879 4018 2882 4018 2886 4018 2889 4018 2932 4001 3422 4001 3429 3975 3422 3901 2788 3901 2758 3874 2758 3871 2755 3871 2751 3871 2748 3871 2627 3897 2527 3871 2523 3871 2520 3871 2265 3904 1950 3904 1897 3874 1893 3874 1830 3874 1826 3874 1823 3874 1820 3874 1820 3877 1789 3904 1317 3904 1263 3874 1260 3874 1179 3874 1176 3874 1173 3874 1169 3874 1169 3877 1166 3877 1159 3884 1163 3981"/></Shape>
            <String CONTENT="Ie vous ay donc repreſenté, comme en"
                    HPOS="1159"
                    VPOS="3871"
                    WIDTH="2270"
                    HEIGHT="151"
                    WC="0.9958663840551634"></String>
          </TextLine>
          <TextLine ID="eSc_line_c9eb0dfb"
                    TAGREFS="LT8"
                    BASELINE="1199 4149 3422 4129" 
                    HPOS="1166"
                    VPOS="4038"
                    WIDTH="2256"
                    HEIGHT="148">
            <Shape><Polygon POINTS="1169 4162 1511 4186 1515 4186 1893 4159 2034 4179 2037 4179 2493 4159 2527 4172 2530 4172 2534 4172 2537 4172 2570 4156 2591 4176 2594 4176 2597 4176 2842 4179 2845 4179 2849 4179 2909 4159 3345 4172 3348 4172 3351 4172 3422 4149 3422 4129 3415 4058 3304 4038 3301 4038 3180 4055 2932 4038 2929 4038 2926 4038 2849 4058 2530 4045 2527 4045 2262 4062 1732 4045 1729 4045 1525 4065 1193 4048 1189 4048 1186 4048 1183 4048 1166 4058 1169 4142"/></Shape>
            <String CONTENT="vne peinture racourcie en petit volu¬"
                    HPOS="1166"
                    VPOS="4038"
                    WIDTH="2256"
                    HEIGHT="148"
                    WC="0.9968765635748167"></String>
          </TextLine>
          <TextLine ID="eSc_line_d335118c"
                    TAGREFS="LT8"
                    BASELINE="1196 4303 3429 4290" 
                    HPOS="1156"
                    VPOS="4186"
                    WIDTH="2273"
                    HEIGHT="157">
            <Shape><Polygon POINTS="1159 4323 1354 4343 1357 4343 1665 4327 1719 4343 1722 4343 1726 4343 1729 4343 1799 4323 2792 4337 2795 4337 2798 4337 2862 4316 3382 4333 3385 4333 3388 4333 3429 4310 3429 4290 3422 4216 3227 4186 3224 4186 3221 4186 3217 4186 3217 4189 3187 4216 3026 4216 2902 4186 2899 4186 2896 4186 2812 4219 2510 4219 2393 4189 2389 4189 2386 4189 2383 4189 2383 4192 2353 4219 2286 4223 1987 4223 1957 4199 1954 4199 1950 4199 1947 4199 1789 4219 1602 4196 1598 4196 1595 4196 1592 4196 1558 4223 1384 4196 1380 4196 1377 4196 1297 4223 1196 4209 1193 4209 1189 4209 1156 4223 1159 4303"/></Shape>
            <String CONTENT="me, les deportemens des Roys de noſtre"
                    HPOS="1156"
                    VPOS="4186"
                    WIDTH="2273"
                    HEIGHT="157"
                    WC="0.9910620686255003"></String>
          </TextLine>
          <TextLine ID="eSc_line_be3420cb"
                    TAGREFS="LT8"
                    BASELINE="1196 4457 3425 4447" 
                    HPOS="1156"
                    VPOS="4337"
                    WIDTH="2269"
                    HEIGHT="164">
            <Shape><Polygon POINTS="1159 4481 1598 4481 1635 4497 1639 4497 1642 4497 1746 4481 1769 4497 1773 4497 1776 4497 1779 4497 1783 4497 1840 4481 1907 4501 1910 4501 1913 4501 2135 4477 2450 4497 2453 4497 2456 4497 2460 4497 2487 4477 2507 4494 2510 4494 2513 4494 2517 4494 2520 4494 2580 4477 2607 4494 2611 4494 2614 4494 2617 4497 3080 4497 3080 4494 3083 4494 3127 4474 3254 4494 3258 4494 3422 4471 3425 4447 3418 4373 3231 4373 3194 4340 3194 4337 3191 4337 3187 4337 3184 4337 3180 4337 3107 4370 3016 4367 2986 4340 2986 4337 2983 4337 2979 4337 2976 4337 2973 4337 2852 4370 2815 4340 2815 4337 2812 4337 2808 4337 2688 4337 2684 4337 2681 4337 2607 4373 2450 4373 2413 4340 2410 4340 2406 4340 2342 4340 2339 4340 2336 4340 2332 4340 2289 4373 2229 4340 2225 4340 2175 4340 2172 4340 2168 4340 2165 4340 2125 4377 1907 4377 1836 4343 1833 4343 1736 4343 1732 4343 1729 4343 1726 4343 1682 4377 1320 4377 1280 4343 1277 4343 1273 4343 1270 4343 1156 4353 1159 4457"/></Shape>
            <String CONTENT="France! Voyez ſi elle a eſté plus heu¬"
                    HPOS="1156"
                    VPOS="4337"
                    WIDTH="2269"
                    HEIGHT="164"
                    WC="0.9920564385560843"></String>
          </TextLine>
          <TextLine ID="eSc_line_f8e1c176"
                    TAGREFS="LT8"
                    BASELINE="1194 4615 3425 4615" 
                    HPOS="1153"
                    VPOS="4507"
                    WIDTH="2272"
                    HEIGHT="158">
            <Shape><Polygon POINTS="1153 4635 1347 4655 1350 4655 1484 4638 1511 4658 1511 4662 1515 4662 1518 4662 1521 4662 1729 4642 1887 4655 1890 4655 1893 4655 1897 4655 1920 4638 2272 4662 2275 4662 2507 4658 2510 4658 2554 4638 2611 4655 2614 4655 2617 4655 2825 4638 2879 4662 2882 4662 2886 4665 2963 4665 2963 4662 2966 4662 2969 4662 2993 4638 3120 4638 3140 4655 3144 4655 3147 4655 3150 4655 3422 4635 3425 4615 3425 4541 3308 4507 3304 4507 3301 4507 2902 4538 2839 4507 2835 4507 2711 4507 2708 4507 2705 4507 2701 4507 2701 4511 2671 4538 2627 4521 2624 4521 2621 4521 2540 4538 2456 4507 2453 4507 2450 4507 2446 4507 2386 4541 1856 4541 1753 4507 1749 4507 1746 4507 1743 4507 1675 4541 1494 4541 1461 4511 1461 4507 1458 4507 1454 4507 1394 4507 1391 4507 1387 4507 1327 4541 1153 4541 1153 4615"/></Shape>
            <String CONTENT="reuſe que les autres païs! Voyez ſi les"
                    HPOS="1153"
                    VPOS="4507"
                    WIDTH="2272"
                    HEIGHT="158"
                    WC="0.9762963458895684"></String>
          </TextLine>
          <TextLine ID="eSc_line_8a6f0389"
                    TAGREFS="LT8"
                    BASELINE="1197 4773 3408 4776" 
                    HPOS="1149"
                    VPOS="4665"
                    WIDTH="2259"
                    HEIGHT="161">
            <Shape><Polygon POINTS="1149 4796 1320 4823 1324 4823 1494 4802 1689 4819 1692 4819 1696 4819 1732 4802 2279 4823 2282 4823 2477 4809 2557 4826 2560 4826 2788 4806 3402 4806 3408 4776 3402 4675 2922 4695 2805 4668 2802 4668 2798 4668 2735 4699 2349 4699 2282 4665 2279 4665 2178 4665 2175 4665 2172 4665 2118 4695 2001 4695 1970 4668 1970 4665 1967 4665 1964 4665 1823 4665 1820 4665 1816 4665 1756 4695 1290 4695 1260 4668 1260 4665 1256 4665 1253 4665 1250 4665 1153 4668 1153 4769"/></Shape>
            <String CONTENT="Roys ont eſté meilleurs que les autres:"
                    HPOS="1149"
                    VPOS="4665"
                    WIDTH="2259"
                    HEIGHT="161"
                    WC="0.9945009142160416"></String>
          </TextLine>
        </TextBlock>
        <TextBlock HPOS="637.0"
                   VPOS="1456.0"
                   WIDTH="535.0"
                   HEIGHT="246.0"
                   ID="eSc_textblock_51516b69"
                   TAGREFS="BT100009">
          <Shape><Polygon POINTS="637 1456 637 1702 1172 1702 1172 1456"/></Shape>
          <TextLine ID="eSc_line_c1769d6a"
                    TAGREFS="LT8"
                    BASELINE="697 1555 1162 1550" 
                    HPOS="697"
                    VPOS="1550"
                    WIDTH="465"
                    HEIGHT="5">
            <String CONTENT="56. Charles"
                    HPOS="697"
                    VPOS="1550"
                    WIDTH="465"
                    HEIGHT="5"
                    ></String>
          </TextLine>
        </TextBlock>
        <TextBlock HPOS="2173.0"
                   VPOS="204.0"
                   WIDTH="188.0"
                   HEIGHT="138.0"
                   ID="eSc_textblock_2187fad8"
                   TAGREFS="BT15">
          <Shape><Polygon POINTS="2173 204 2173 342 2361 342 2361 204"/></Shape>
          <TextLine ID="eSc_line_3d6ee765"
                    TAGREFS="LT8"
                    BASELINE="2214 310 2336 310" 
                    HPOS="2214"
                    VPOS="310"
                    WIDTH="122"
                    HEIGHT="0">
            <String CONTENT="30"
                    HPOS="2214"
                    VPOS="310"
                    WIDTH="122"
                    HEIGHT="0"
                    ></String>
          </TextLine>
        </TextBlock>
        <TextBlock HPOS="681.0"
                   VPOS="2111.0"
                   WIDTH="491.0"
                   HEIGHT="151.0"
                   ID="eSc_textblock_cc356604"
                   TAGREFS="BT100009">
          <Shape><Polygon POINTS="681 2111 681 2262 1172 2262 1172 2111"/></Shape>
          <TextLine ID="eSc_line_69eaf8e8"
                    TAGREFS="LT8"
                    BASELINE="690 2208 1089 2198 1171 2202" 
                    HPOS="684"
                    VPOS="2116"
                    WIDTH="483"
                    HEIGHT="131">
            <Shape><Polygon POINTS="689 2207 689 2247 1162 2232 1167 2197 1157 2116 684 2121 689 2207"/></Shape>
            <String CONTENT="57.Louιs 12."
                    HPOS="684"
                    VPOS="2116"
                    WIDTH="483"
                    HEIGHT="131"
                    WC="0.9342803657054901"></String>
          </TextLine>
        </TextBlock>
        <TextBlock HPOS="656.0"
                   VPOS="3080.0"
                   WIDTH="503.0"
                   HEIGHT="151.0"
                   ID="eSc_textblock_0726dd84"
                   TAGREFS="BT100009">
          <Shape><Polygon POINTS="656 3080 656 3231 1159 3231 1159 3080"/></Shape>
          <TextLine ID="eSc_line_82fcaba6"
                    TAGREFS="LT8"
                    BASELINE="677 3170 1159 3176" 
                    HPOS="669"
                    VPOS="3091"
                    WIDTH="488"
                    HEIGHT="121">
            <Shape><Polygon POINTS="674 3167 669 3212 1152 3212 1157 3172 1152 3096 674 3091 674 3167"/></Shape>
            <String CONTENT="52. Franc. I."
                    HPOS="669"
                    VPOS="3091"
                    WIDTH="488"
                    HEIGHT="121"
                    WC="0.9836179384818444"></String>
          </TextLine>
        </TextBlock>
        <TextBlock HPOS="662.0"
                   VPOS="3458.0"
                   WIDTH="504.0"
                   HEIGHT="560.0"
                   ID="eSc_textblock_8c49d082"
                   TAGREFS="BT100009">
          <Shape><Polygon POINTS="662 3458 662 4018 1166 4018 1166 3458"/></Shape>
          <TextLine ID="eSc_line_0ed8f17e"
                    TAGREFS="LT8"
                    BASELINE="683 3536 1160 3512" 
                    HPOS="674"
                    VPOS="3418"
                    WIDTH="483"
                    HEIGHT="151">
            <Shape><Polygon POINTS="679 3534 679 3569 1157 3564 1157 3509 1147 3443 966 3418 961 3418 674 3463 679 3534"/></Shape>
            <String CONTENT="59. Hẽry. 2."
                    HPOS="674"
                    VPOS="3418"
                    WIDTH="483"
                    HEIGHT="151"
                    WC="0.9748431123220004"></String>
          </TextLine>
          <TextLine ID="eSc_line_54efcd1c"
                    TAGREFS="LT8"
                    BASELINE="670 3629 1126 3636 1148 3640" 
                    HPOS="664"
                    VPOS="3554"
                    WIDTH="483"
                    HEIGHT="111">
            <Shape><Polygon POINTS="669 3624 664 3654 1137 3665 1147 3639 1147 3554 669 3554 669 3624"/></Shape>
            <String CONTENT="60. Frãcot 2"
                    HPOS="664"
                    VPOS="3554"
                    WIDTH="483"
                    HEIGHT="111"
                    WC="0.9724163917394785"></String>
          </TextLine>
          <TextLine ID="eSc_line_31e3a230"
                    TAGREFS="LT8"
                    BASELINE="667 3750 1166 3743" 
                    HPOS="663"
                    VPOS="3663"
                    WIDTH="503"
                    HEIGHT="114">
            <Shape><Polygon POINTS="667 3750 667 3777 1163 3777 1166 3743 1156 3683 1082 3686 1022 3663 1018 3663 1015 3663 1012 3663 945 3686 915 3663 911 3663 908 3663 905 3663 784 3690 730 3666 727 3666 724 3666 720 3666 663 3686 667 3750"/></Shape>
            <String CONTENT="61. Charles 9"
                    HPOS="663"
                    VPOS="3663"
                    WIDTH="503"
                    HEIGHT="114"
                    WC="0.9989361487902128"></String>
          </TextLine>
          <TextLine ID="eSc_line_d6eae8ca"
                    TAGREFS="LT8"
                    BASELINE="687 3864 1092 3857 1173 3843" 
                    HPOS="679"
                    VPOS="3765"
                    WIDTH="493"
                    HEIGHT="131">
            <Shape><Polygon POINTS="684 3861 684 3896 1167 3891 1172 3841 1157 3780 810 3765 805 3765 679 3790 684 3861"/></Shape>
            <String CONTENT="&amp; Heury de"
                    HPOS="679"
                    VPOS="3765"
                    WIDTH="493"
                    HEIGHT="131"
                    WC="0.9853935718536377"></String>
          </TextLine>
          <TextLine ID="eSc_line_eb382861"
                    TAGREFS="LT8"
                    BASELINE="683 3968 985 3975" 
                    HPOS="680"
                    VPOS="3887"
                    WIDTH="305"
                    HEIGHT="124">
            <Shape><Polygon POINTS="683 3968 680 3998 697 4011 700 4011 703 4011 707 4011 982 3998 985 3975 985 3914 898 3891 894 3891 891 3891 888 3891 854 3908 811 3887 807 3887 804 3887 801 3887 797 3887 767 3911 683 3897 683 3968"/></Shape>
            <String CONTENT="Valois."
                    HPOS="680"
                    VPOS="3887"
                    WIDTH="305"
                    HEIGHT="124"
                    WC="0.9973784344536918"></String>
          </TextLine>
        </TextBlock>
      </PrintSpace>
    </Page>
  </Layout>
</alto>
