2000 2992
731.0 275.0 62.0 75.0 25

217.0 342.0 1108.0 93.0 ne & entiere reſolution de ſe voüer à la

219.0 407.0 1107.0 111.0 mort, ſans en eſtre prié, ſans y eſtre eſmeu

219.0 482.0 1102.0 111.0 ou pourſuiuy d’aucun, car qui l’euſt eſté

219.0 558.0 1101.0 111.0 chercher dans vn conuent & l’euſt choiſy

219.0 638.0 1109.0 111.0 pour cet effect, voyant la ſimplicité &

221.0 713.0 1104.0 109.0 modeſtie de laquelle il eſtoit doüé. Non

221.0 789.0 1104.0 111.0 ſeullement vouloir mourir & ſe diſpoſer

221.0 874.0 1100.0 113.0 à quelque mort douce, mais ſe repreſen¬

221.0 954.0 1100.0 101.0 ter qu’en faiſant cet acte, il pourroit mou¬

219.0 1027.0 1101.0 104.0 rir de la plus cruelle, de la plus rigoureuſe,

222.0 1105.0 1101.0 103.0 de la plus inhumaine, de la plus honteuſe

222.0 1183.0 1103.0 105.0 & de la plus vilaine mort de laquelle on ſe

224.0 1264.0 1101.0 104.0 pourroit aduiſer, & neãtmoins ceſte ame

224.0 1343.0 1099.0 99.0 nonpareille ſurmonte toutes telles appre¬

224.0 1417.0 1110.0 100.0 henſions: car la mort en ce cas luy eſtoit

226.0 1497.0 1104.0 102.0 certaine, & le genre de mort incertain,

226.0 1570.0 1104.0 103.0 mais celuy qui au milieu des plus enormes

231.0 1650.0 1100.0 103.0 & plus cruels ſupplices à doüé de ferme¬

229.0 1728.0 1102.0 98.0 té & conſtance les ſaincts premiers mar¬

231.0 1805.0 1103.0 91.0 tyrs, en doüa abondamment ce dernier,

231.0 1886.0 1108.0 93.0 lequel faiſoit touſiours requeſte à ce pere

231.0 1961.0 1110.0 91.0 de miſericorde que ſon tourment ne fuſt

231.0 2051.0 169.0 93.0 long.

261.0 2130.0 1082.0 82.0 Ayant depuis frere lacques Clemẽt, ouy

234.0 2192.0 1110.0 98.0 le bruict que ſes Henrys, race de viperes le

234.0 2268.0 1110.0 97.0 Dimanche 30. dudict mois, eſtoient de¬

237.0 2347.0 1114.0 103.0 dans ſainct Clou & entendu les coups de

1067.0 2490.0 56.0 59.0 D
