2000 2992
789.0 305.0 80.0 70.0 29

256.0 374.0 1102.0 79.0 uertir l’ennemy de nos affaires & fuſmes

256.0 443.0 1098.0 95.0 chargez incontinent, frerc laques luy

256.0 521.0 1102.0 94.0 reſpond, il peut eſtre que ce ne fut pas les

256.0 598.0 1103.0 91.0 religieux, & qu’il y en auoit d’autres qui

261.0 674.0 1092.0 93.0 vous pouuoient deſcouurir, ie ne ſçay

257.0 749.0 1102.0 88.0 dict le ſecretaire, on nous a dict auſſi

261.0 832.0 1097.0 87.0 qu’il y auoit vn religieux Iacobin qui a¬

257.0 902.0 1101.0 85.0 uoit deliberé de tuer le Roy, frere Iac¬

257.0 980.0 1099.0 90.0 ques ſans ſ'effrayer ou changer de cou¬

252.0 1055.0 1104.0 96.0 leur reſpondit, il peut bien eſtre, ſur ſes

256.0 1138.0 1102.0 90.0 termes le paſſeport ſ'acheue, & vint à

252.0 1215.0 1124.0 81.0 Monſieur le Comte qui acheuoit de diſ¬

252.0 1293.0 1104.0 89.0 ner & mangeoit du fruict, qui ſans diffi¬

254.0 1372.0 1100.0 87.0 culté apres auoir parlé quelque temps

251.0 1446.0 1105.0 91.0 auec le religieux & donné auſſi quelque

252.0 1522.0 1101.0 90.0 parolle de creance & vne lettre, ſigna le¬

252.0 1597.0 1102.0 96.0 dict paſſeport, luy feit prendre du vin, &

256.0 1678.0 711.0 90.0 ainſi prit congé F. Iaques.

299.0 1763.0 1055.0 82.0 Lequel voyant ſon cas ainſi bien pre¬

256.0 1831.0 1098.0 90.0 paré & ne luy reſter plus qu’à fortir les

256.0 1909.0 1100.0 87.0 portes voulut deſcouurir ſon ſecret à

254.0 1988.0 1100.0 88.0 vn certain perſonnage que l’on a eſtimé

252.0 2064.0 1101.0 85.0 & que l’on eſtimoit encores des plus ze¬

252.0 2140.0 1102.0 87.0 lez & affectionnez catholiques, ce que

254.0 2217.0 1099.0 85.0 avant faict, ce bon religieux fut tout e¬

252.0 2288.0 1102.0 97.0 ſtonné qu’au lieu qu’il en eſperoit quel¬

259.0 2368.0 1095.0 98.0 que bon propos pour l’induire à eſtre

1004.0 2451.0 148.0 87.0 D iij
