2324 3255
1473.0 422.0 52.0 10.0 32

906.0 430.0 1184.0 107.0 gne, & portoit tel effect que leſdicts enne¬

902.0 511.0 1186.0 102.0 mis deuoient venir faulſer vne barricade,

906.0 593.0 1188.0 103.0 qui eſtoit aſſez foible, laquelle fauſſee, à la

906.0 679.0 1186.0 102.0 faueur de ceux qui eſtoient en ladite Ab¬

909.0 759.0 1185.0 103.0 baye, ils s’y rendoient les maiſtres, ie co¬

909.0 846.0 1185.0 103.0 gnois fort biẽ le perſonnage, qui de ſcou¬

906.0 925.0 1193.0 103.0 urit premier ceſte trahiſon, tellement qu’il

906.0 1005.0 1195.0 112.0 eſt ayſé à iuger & à cognoiſtre que ſi les

906.0 1090.0 1195.0 107.0 tyrans auoient bien des partiſans au de¬

906.0 1177.0 1193.0 97.0 hors, ils en auoient encores plus au dedãs,

909.0 1262.0 1192.0 96.0 ce ſont les termes & le peril que nous cou¬

906 1339 1199 104 rions lors, c’eſt le precipice auquel nos af¬

906 1419 1200 107 faires eſtoient, vous euſſiez veu les Politi.

909 1502 1199 109 ques leuer le nez, brauer, ſe mocquer &

909 1585 1201 109 dire a haute voix qu’auant trois iours paſ¬

911 1667 1201 112 ſez, il y en auroit tant de pendus, qu’il ne

913 1752 1199 108 ſe trouueroit pas aſſez de bois dans Paris:

915 1835 1195 107 Mais on dict au commun & triuial pro¬

915 1916 1199 111 uerbe que quiconque compte ſans ſon

916 2001 1200 107 hoſte, il compte deux fois, ils ne parloient

920 2083 1192 115 qu’en hommes, ils ne iugeoient qu’à l’apa¬

924 2162 1193 112 rence humaine, & ne ſe fioient qu’en la

920 2244 1196 119 force de leurs bras, & qu’en leur intelligẽ¬

920 2329 1199 110 ces & trahiſons, que ſi ô aueuglez malheu.

920 2412 1203 116 reux & obſtinez Pollitiques, vous euſſiez

920 2491 1199 116 eſté capables comme ſe ſeruiteur du Pro¬

929 2575 1196 128 phete, lequel eſtimoit que ſon maiſtre fuſt

1991.0 2660.0 135.0 115.0 ſeul
