2324 3255
889.0 383.0 1178.0 101.0 chacun, il n’eſt pas homme de bon cœur,

893.0 455.0 1179.0 116.0 qui à la façon des tyrans ne luy donne

886.0 544.0 1184.0 99.0 cent coups apres ſa mort, & apres l’auoir

888.0 622.0 1182.0 103.0 bien mutillé tout mort qu’il eſtoit, en la

888.0 705.0 1179.0 103.0 preſence du tyran, fut traiſné & ſerré dans

882.0 788.0 1186.0 107.0 I'Egliſe, non pour reſpect qu’ils portaſſent

880.0 875.0 1181.0 103.0 au lieu ſainct ny au corps Chreſtien, mais

877.0 956.0 1190.0 105.0 ſeulement en depoſt, comme ils l’euſſent

875.0 1037.0 1184.0 102.0 auſſi toſt mis en vne eſtable ou autre lieu,

873.0 1119.0 1190.0 103.0 attendant la fin, & ce qui aduiendroit de

869.0 1200.0 1194.0 109.0 Henry, auquel chacun aſſeuroit qu’il ſe

869.0 1287.0 1187.0 105.0 porteroit bien, & luy meſme dit que dans

866.0 1370.0 1190.0 100.0 ſix iours il monteroit à Cheual, & auroit

864.0 1450.0 1190.0 105.0 ſa raiſon de tous ceux de la Ligue, entre

866.0 1535.0 1186.0 101.0 autres de madame de Mõtpenſier, laquel¬

859.0 1618.0 1193.0 107.0 le il tint fort long temps ſur les rangs, &

860.0 1699.0 1190.0 109.0 paſſa ainſi ſe peu de temps qui luy reſtoit

844.0 1783.0 1199.0 104.0 encores, depuis qu’il fut bleſſé pour pen¬

855.0 1868.0 1190.0 103.0 ſer à ſa conſcience, à gauſſer, menaſſer, &

862.0 1965.0 993.0 80.0 meſdire.

915.0 2039.0 1123.0 94.0 Mais le ſoir eſtant venu, ce fut lors que

848.0 2113.0 1190.0 107.0 Henry, qui n’eſtimoit eſtre bleſſé, ſe ſentit

850.0 2198.0 1188.0 102.0 ſaiſir des aſſauts de la mort, & qu’vne fie¬

850.0 2282.0 1184.0 99.0 ure continue l’empoigna auec telle vehe¬

846.0 2368.0 1186.0 98.0 mence qu’elle luy fit rendre les derniers

844.0 2450.0 1192.0 99.0 ſouſpirs, & quant & quant ceſte ame re¬

846.0 2533.0 1212.0 125.0 belle & obſtinee, pour aller rendre cõpte

1470.0 357.0 82.0 0.0 46
