2000 2992
493.0 538.0 815.0 77.0 Ntendrons nous touſiours la voix des Pol¬

522.0 605.0 177.0 88.0 litiques,

492.0 668.0 818.0 81.0 Gronder comme maſtins blasphemer con¬

517.0 738.0 206.0 83.0 tre Dieu,

512.0 804.0 774.0 81.0 Leur ſera il permis en public en tout lieu

234.0 872.0 838.0 93.0 Souſte nir le party des Henrys bereticques.

274.0 935.0 1031.0 95.0 Souffrirõs nous touſiours qu’ils facent leurs pratiques

227.0 1010.0 920.0 87.0 Et que de nous tromper ce ne leur ſoit que ieu,

227.0 1072.0 843.0 91.0 Ne dirons nous iamais qu’on rallume le feu

229.0 1141.0 929.0 92.0 Pour embraſer tous vifs ſes perſonnes inicques.

274.0 1206.0 967.0 92.0 N’entendez vous pas bien les blaſons & brocars,

232.0 1274.0 960.0 90.0 Qu'ils iettent contre nous? & ſes fardez caphars

227.0 1344.0 876.0 88.0 Maudire les Chreſtiens, pour Henry enragez.

272.0 1407.0 908.0 92.0 Taiſez vous malheureux ſi l’on vous oyt encor

227.0 1477.0 933.0 88.0 Rien ne vous ſauuera vos faueurs ny voſtre or,

234.0 1547.0 748.0 95.0 Que tous à vn gibet ne ſoyez arengez.

243.0 853.0 227.0 8.0 E

571.0 395.0 348.0 83.0 SONET.

242.0 1745.0 955.0 83.0 Qui monachi virtutem habitu ſimulauerat olim.

282.0 1815.0 840.0 86.0 Hunc monachi virtus non ſimulata necat.

247.0 1949.0 1019.0 85.0 Qui monachum quondam meditata fraude gerebat

266.0 2016.0 836.0 98.0 Hunc bona fraus monachi meditata ferit.
