473 707
106.0 83.0 316.0 21.0 POVR LESREGRETS DE

141.0 100.0 244.0 23.0 Madame la Comteſſe de Randan.

168.0 134.0 231.0 23.0 Itoiables regrets, deplorable triſteſſe,

171.0 153.0 268.0 24.0 Soupirs entrecoupeZ que iette ma Comteſſe,

172.0 174.0 268.0 23.0 Percés les rocz à force, et en tirés des pleurs.

190.0 193.0 249.0 26.0 Les pleurs ſoiẽt des torrens, les ſoupirs

126.0 213.0 111.0 24.0 ſoient des flames,

93.0 232.0 337.0 26.0 C'eſt trop peu pour ſon dueil que d’eſmouuoir les ames.

102.0 253.0 288.0 26.0 « Toute choſe icy bas doibt ſentir ſes douleurs.

95.0 293.0 219.0 22.0 Sa diuine beauté de nature eſtimee,

96.0 314.0 281.0 24.0 Que la ſaincte vertu a touſiours tant aymee,

97.0 334.0 284.0 23.0 Qui n'eſt rien que douceur, & que perfection,

110.0 352.0 273.0 25.0 Sa ieuneſſe en ſa fleur amoureuſement belle,

97.0 373.0 299.0 23.0 Meritoit, ce me ſemble, vne heure moins cruelle.

98.0 392.0 278.0 25.0 Pour vn ſi doux ſuject c'eſt trop d’affliction.

100.0 432.0 301.0 25.0 Vous Dames que le ciel, & la fortune heureuſe,

100.0 453.0 323.0 24.0 Tient encor aux douceurs d’vne couche amoureuſe,

100.0 473.0 268.0 25.0 Qui iouiſſeZ encor d’vne entiere grandeur,

113.0 493.0 310.0 25.0 PreneZ garde à vous meſme, vne meſme fortune,

103.0 514.0 300.0 24.0 Vn iour ſans y penſer vous peut eſtre commune.

110.0 532.0 318.0 30.0 - L’on aprent par l'exemple à porter ſon malheur.

104.0 571.0 252.0 26.0 Voyez le triſte dueil où le ciel la diſpoſe,

104.0 593.0 279.0 25.0 Et ſi iamais voſtre ame a ſenty quelque choſe

106.0 613.0 262.0 31.0 De ce qui peult les cœurs à pitié eſmouuoir.

262.0 17.0 14.0 18.0 78

102.0 190.0 59.0 26.0 L
