741 1195
171.0 56.0 504.0 32.0 fut prins priſonniers deuant Pauie, & non contant de

173.0 84.0 501.0 30.0 telle trahiſon: il s’allia auec le Prince d’Orenge,

174.0 111.0 499.0 27.0 qui eſtoit rebelle comme luy? & enſemble allerent

172.0 138.0 501.0 31.0 ſaccager comme Chytes, Barbares & Tyrans, la

173.0 161.0 499.0 33.0 ſaincte cité & chef de l’Egliſe Chreſtienne de Ro¬

178.0 192.0 493.0 30.0 me. Mais Dieu ne luy donna la grace d’en iouyr:

175.0 229.0 497.0 19.0 caril fuſt iue en cntlant derler ia Iour ſainct HO¬

178 241 494 31 nofrye & illec fuſt payé du ſalaire accouſtumez

177.0 268.0 494.0 33.0 aux Tyrans, le ſeptieſme iour de May,1527 de tou¬

180 293 491 33 tes ſa puiſſance, ledict Condé eſtant fauoriſé & ſe¬

176.0 322.0 495.0 32.0 cõdé de la proterue, rebelle & mal affectee maiſon,

177.0 350.0 496.0 31.0 deſcendante de Ganne,enuers Dieu, ſaincte Egliſe

176.0 377.0 495.0 27.0 & Royaume de France, auec les lutheriens d’Alle¬

175.0 402.0 496.0 33.0 maignes,Suyſſes, Hereticques, & Caluiniſtes hu¬

175.0 430.0 496.0 33.0 guenots, ſortans des mõtaignes; cauernes, & gouf¬

174.0 456.0 497.0 28.0 fres de ceſte hebetee, monſtrueuſe & brutale race,

175.0 483.0 493.0 31.0 confederez aux Ours, porcq, ſenglier, & totreaux,

175.0 509.0 498.0 32.0 delaiſſez de Dieu, priuez de ſes graces & indignes

175.0 537.0 493.0 31.0 d’icelles, auec quelques françois monſtrueux,

175.0 562.0 496.0 33.0 aueuglez, & priuez des graces du ſainct Eſprit,

175.0 589.0 498.0 31.0 meſcognoiſſantes de Dieu, & leur puiſſance, ſe

175.0 616.0 496.0 27.0 banderent efforcerent & eſprouuerent de leuer

173.0 642.0 498.0 32.0 ruyner. & oſter l’authorité, ſplẽdeur, & exercice de

175.0 668.0 495.0 33.0 la Religion Catholicque, Apoſtolicque & Ro¬

175.0 697.0 494.0 32.0 maine: pour auec les piſtolles, harquebuzes, eſpees,

175.0 722.0 494.0 30.0 lances, artilleries, cuiraſſes, cheuaux, Genſ-d’ar¬

175.0 750.0 495.0 28.0 mes, & ſoldats, & y mettre en poſſeſſion, exercices

176.0 774.0 500.0 31.0 & vogues, les impies, apoſtats, ſacrileges, renegats

178.0 800.0 488.0 33.0 ſeducteurs & traistres & meurtriers des ames, bour¬

175.0 827.0 494.0 33.0 leurs des conſciencés,& ſuppoſts du diable, mini¬

175.0 856.0 494.0 26.0 ſtres & prédicans: Ambaſſadeurs; heraux & auan¬

173.0 882.0 493.0 30.0 courreurs de l’Antechriſt: cloacques des crifines,

173.0 908.0 496.0 28.0 autheurs des meurtres, aſſaſinats, & rauiſſements

173.0 934.0 496.0 31.0 de vierges, religieuſes & ſemmes chaſtes, magaſins

173.0 962.0 497.0 29.0 d'impietez, blaſphemes, & cruautez contre Dieu

175.0 987.0 496.0 31.0 tout puiſſant: ſa ſaincte eſpouſe, & ſes ſaincts Sa¬

171.0 1015.0 500.0 29.0 crements: mais la diuine prouidence, laquelle au

177.0 1038.0 490.0 31.0 clein de l'œuil, par le moindre de ſes Anges peut

176.0 1067.0 490.0 33.0 ſenuerſer, ruiner, & confondretous les plus furieux, en¬

39 192 129 34 Morte & fin

27.0 223.0 120.0 29.0 mal’heureuſe

27.0 248.0 144.0 32.0 dudit Bourbon,

25 275 143 33 le 6. May.1527.

27.0 343.0 138.0 27.0 Premiere impie.

26.0 366.0 145.0 28.0 té du Prince de

29.0 391.0 67.0 29.0 Condé.

395.0 1.0 50.0 35.0 Y2

408.0 43.0 31.0 16.0 E0

39 775 128 37 Proprietez des

24 804 145 37 ſacrileges predi¬

27.0 837.0 57.0 26.0 cans.

27 1034 143 30 Proprietez de la

26 1061 143 33 puiſſancediuine.

606 1098 61 29 ragez
