747 1205
86 46 497 39 France, nonobſtant toutes les ſecrettes embuſchès.

85 74 497 36 trabiſons & machinations de Henry de Valois, des hu¬

89 101 495 36 guenots, Lutheriens, Proteſtans, Suiſſes, Anglois,

89 139 495 24 Ecoſſois, ennemis iurez contre Dieu, ſon Eglile,

87 153 498 39 Religion, & Catholicques Meſtnes auec vne poi¬

88 184 499 32 gnee d’hommes au reſpect des ennemis iurez &

85 210 499 33 mortels qui eſtoient cinquante mil en nombre,

87 236 499 33 ſans perdremil hommes, meſmes auec ſe genereux & ex¬

87 259 497 38 cellẽt Prince Charle Marquis du Põt, d’auoir cha¬

87 285 501 39 ſtoyé le Comte Belliar iuſques à ſa maiſon & l’a¬

89 314 497 35 uoir contrainct & chaſſé comme vn Atheiſte,Lu¬

89 343 497 30 therien & Huguenot tout enſemble hors ſon païs,

93 369 499 29 & reduict le tout en cendre: d’autãt qu’ils eſtoient

90 396 497 31 tous hereticques formez de long temps, abomina¬

89 420 498 35 bles deuant Dieu, ſa iuſtice, & enuers l’Egliſe Ca¬

87 449 497 32 tholicque. Außi d'auoir le iour des Bariquades douzieſ

88 475 501 33 mede May 1588. auec la prouidence de Dien, gardé,

87 502 506 35 preſerué & deliuré ceſte Auguſtale, regale & tapitale

90 530 504 33 Cité, ville, & Pniuerſité de Paris, du ſaecagement pre¬

89 555 501 33 paré par Henry de Valois, ſes adherans. impies,Athei¬

91 583 501 32 ſtes, aſſaſſinats, hereticques, iuſques au nom¬

92 611 500 29 bre de quarente mil & plus: & neantmoins en

89 635 501 32 ce piteux,horrible & treſ-eſpouuentable conflicte,

88 662 505 32 ny mourut que quatre ou cinq Sujſſes: & pluſtoſt

90 686 502 34 par fortune que malice deſdicts Princes, & habi¬

89 714 502 31 tans de Paris en armes iuſques cinquante & ſoi¬

89 740 503 31 xante mil hommes: pour la tuiſſion, deffence, &

91 768 500 30 conſeruation de leuts propre vie, dę leurs femmes,

91 793 502 33 enfans, de leur ville, Cité, Vniuerſité, Egliſes, Sor¬

91 820 505 32 bone, & Colleges, & generallement de toute la

93 846 501 32 France: faict veritablement heroicque, genereux,

91 871 502 34 & quaſi diuin, & à raiſon duquel ledit Henry de Va¬

91 900 502 30 lois tiers fut tellement ſaiſi de pœur que depuis

91 925 504 32 n’oſa demeurer en ladicte Cité, Vniuerſité, & ville

93 953 501 31 Capitale de Paris, & ſe retira à Chartres, puis à

93 978 503 33 Roüen, & depuis à Bloys, auquel lieu pour paillier

91 1004 505 34 ſa Tyrannie fiſt conuoquer les troís Eſtats en Se¬

93 1031 504 33 ptembre 1588. auſquels Eſtats preſidoit pour ce

92 1058 505 34 tant celebre, digne, & excellent Clergé de France, ce

319.0 16.0 40.0 18.0 L37.

315 32 25 18 21

594.0 57.0 132.0 30.0 Machinations

594.0 89.0 146.0 29.0 &trahiſons ſe¬

594.0 112.0 144.0 31.0 crettes de Henry

592.0 137.0 92.0 28.0 de Valois.

594.0 197.0 145.0 28.0 Ruine des Rei¬

595 228 142 27 ſtres & Comte

595 248 127 29 de Belliar l’an

598.0 278.0 49.0 34.0 1587.

592 453 129 26 Miracle diuin

597 484 120 24 conduit par ce

598.0 505.0 124.0 31.0 heroique Duz

601.0 531.0 79.0 32.0 le Guyſee

602.0 888.0 113.0 31.0 Proprieté des

604.0 916.0 73.0 33.0 Tyrans:

426.0 1089.0 53.0 30.0 G iij
